@string{AIJ    	= "Artificial Intelligence"}
@string{LP	= "Linguistics and Philosophy"}
@string{JPL	= "Journal of Philosophical Logic"}
@string{NDJ	= "Notre Dame Journal of Formal Logic"}
@string{JSL	= "The Journal of Symbolic Logic"}
@string{IGPL	= "Journal of the IGPL"}
@string{CL	= "Computational Linguistics"}


%A 

@article{Aarts:ptitlc,
	title = {Proving Theorems of the {L}ambek Calculus of order 2 in polynomial time},
	author = {E. Aarts},
        journal = {Studia Logica}, 
        volume = {53}, 
	year = {1994},
        pages = {373--387}
}

@inproceedings{AarTra:tnlcip,
  author="Aarts, E. and Trautwein, K.",
  title="The non-associative {L}ambek calculus in polynomial time",
  editor="Van~Noord, G. and Bouma, G.",
  booktitle="CLIN '93",
  year=1994,
  address="Groningen"
}

@inproceedings{aarts:pslipt,
  author="Aarts, E.",
  title="Parsing second-order {L}ambek grammar in polynomial time",
  editor="Dekker, P. and Stokhof, M.",
  booktitle="Proceedings 9th Amsterdam Colloquium",
  year=1994,
  publisher="ILLC",
  address="Amsterdam"
}

@unpublished{Aarts:urfacg,
	author = {E. Aarts},
	title = {Uniform Recognition for Acyclic Context-Sensitive Grammars is NP-complete},
	note = {In: Proceedings of COLING '92, pp. 1157--1161},
	year = {1992},
	month = {August}
}

@Book{AbiHulVia:fod,
  author = 	 "S Abiteboul and R. Hull and V. Vianu",
  title = 	 "Foundations of Databases",
  publisher = 	 "Addison Wesley ",
  year = 	 "1995",
  OPTcrossref =  "",
  OPTkey = 	 "",
  OPTeditor = 	 "",
  OPTvolume = 	 "",
  OPTnumber = 	 "",
  OPTseries = 	 "",
  OPTaddress = 	 "",
  OPTedition = 	 "",
  OPTmonth = 	 "",
  OPTnote = 	 "",
  OPTannote = 	 ""
}

@InProceedings{AbrBoeRoeSte:vfjrmc,
  author = 	 {E. Abraham-Mumm and 
                  F.S. de Boer and W.P. de Roever 
                  and M. Steffen},
  title = 	 {Verification for Java's Reentrant Multithreading Concept},
  booktitle = 	 {Proceedings of Foundations of Software Science 
                  and Computation Structures ({FOSSACS}),},
  OPTcrossref =  {},
  OPTkey = 	 {},
  OPTpages = 	 {},
  year = 	 {2002},
  OPTeditor = 	 {},
  OPTvolume = 	 {},
  OPTnumber = 	 {},
  series = 	 {LNCS},
  OPTaddress = 	 {},
  OPTmonth = 	 {},
  OPTorganization = {},
  publisher = {Springer},
  OPTnote = 	 {},
  OPTannote = 	 {}
}

@Unpublished{Aczel:vb,
  author = 	 {P. Aczel},
  title = 	 {Variable Binding},
  note = 	 {Notes of a talk for Accolade, Plasmolen, November 1996},
  OPTkey = 	 {},
  OPTyear = 	 {},
  OPTmonth = 	 {},
  OPTannote = 	 {}
}


@incollection{Aczel:fsatno,
	author = {P. Aczel},
	title = {Frege Structures and the Notions of Proposition, Truth and Set},
        booktitle = {The Kleene Symposium}, 
        editor = {J. Barwise and H.J. Keisler and K. Kunen}, 
        publisher = {North-Holland, Amsterdam}, 
        year = {1980}, 
        pages = {31--59}
}

@book{Aczel:ns, 
        author = {P. Aczel}, 
        title = {Non-Well-Founded Sets}, 
        series = {CSLI Lecture Notes}, 
        publisher = {CSLI, Stanford}, 
        year = {1988}
}

@InCollection{Aczel:rsatao, 
  author = 	"Aczel, P.",
  fullname =	"Aczel, Peter",
  title = 	"Replacement Systems and the Axiomatization of Situation 
		 Theory",
  booktitle = 	"Situation Theory and its Applications, volume {I} ",
  publisher = 	"CSLI and University of Chicago",
  year = 	"1990",
  editor = 	"Cooper, R. and Mukai, K. and Perry, J.",
  chapter = 	"1",
  pages = 	"3--32",
  address = 	"Stanford",
  month = 	"",
  note = 	"",
  topics =	"situation theory",
  where =	"HAVE"
}

@InCollection{AczLun:uap,   
  author = 	"Aczel, P. and Lunnon, R.",
  title = 	"Universes and Parameters",
  booktitle = 	"Situation Theory and its Applications, volume {II} ",
  publisher = 	"CSLI and University of Chicago",
  year = 	"1991",
  editor = 	"Barwise, J. and Gawron, J. M. and Plotkin, G. and
		 Tutiya, S.",
  chapter = 	"1",
  pages = 	"3--24",
  address = 	"Stanford",
  month = 	"",
  note = 	"",
  topics =	"situation theory",
  where =	"HAVE"
}

@InProceedings{AdrHaa:giasil,
  author = 	 {P.W. Adriaans and E. de Haas},
  title = 	 {Grammar Induction as 
                  Substructural Inductive Logic Programming},
  booktitle = 	 {Learning Language in Logic},
  OPTcrossref =  {},
  OPTkey = 	 {},
  pages = 	 {127--142},
  year = 	 {2000},
  editor = 	 {James Cussens and Saso Dzeroski},
  OPTvolume = 	 {},
  OPTnumber = 	 {},
  OPTseries = 	 {},
  OPTaddress = 	 {},
  OPTmonth = 	 {},
  OPTorganization = {},
  publisher = {Springer},
  OPTnote = 	 {},
  OPTannote = 	 {}
}

@InProceedings{AdrHaa:lfasp,
  author = 	 {P.W. Adriaans and E. de Haas},
  title = 	 {Learning from a Substructural Perspective},
  booktitle = 	 {Proceedings of the Fourth Conference on
                  Computational Natural Language Learning 
                  and of the Second Learning Language in Logic Workshop},
  OPTcrossref =  {},
  OPTkey = 	 {},
  pages = 	 {176--183},
  year = 	 {2000},
  OPTeditor = 	 {},
  OPTvolume = 	 {},
  OPTnumber = 	 {},
  OPTseries = 	 {},
  address = 	 {Lisbon},
  OPTmonth = 	 {},
  OPTorganization = {},
  OPTpublisher = {},
  OPTnote = 	 {},
  OPTannote = 	 {}
}

@Book{AgCS:hotm,
  editor = 	 {D'Agostino, M. and D.M. Gabbay 
                  and R. H\"ahnle and J. Posegga},
  title = 	 {Handbook of Tableau Methods},
  publisher = 	 {Kluwer},
  year = 	 {1999},
  OPTkey = 	 {},
  OPTvolume = 	 {},
  OPTnumber = 	 {},
  OPTseries = 	 {},
  address = 	 {Dordrecht},
  OPTedition = 	 {},
  OPTmonth = 	 {},
  OPTnote = 	 {},
  OPTannote = 	 {}
}

@article{Ahn:ttac,
	author = {R. Ahn},
	title = {A Type-theoretical Approach to Communication},
	journal = {Think (ITK Quarterly)},
	year = {1992},
	volume = {1},
	pages = {25--30}
}

@incollection{AhnKol:drmcm,
	author = {R. Ahn and H.-P. Kolb},
	title = {Discourse Representation Meets Constructive Mathematics},
	booktitle = {Papers from the Second Symposium on Logic and Language},
	year = {1990},
	publisher = {Akademiai Kiadoo, Budapest},
	editor = {L. Kalman and L. Polos},
	pages = {105--124}
}

@booklet{AhnKol:drtmcm,
	author =	"Ahn, R. and Kolb, H.",
	title =		"Discourse Representation Theory Meets
			Constructive Mathematics",
	year =		1990,
	howpublished =	"ITK Research Report Number 16",
	address =	"Tilburg University"
}

@Article{Aho68:ig,
  author = 	 {Alfred V. Aho},
  title = 	 {Indexed Grammars --- 
                  An Extension of Context-Free Grammars},
  journal = 	 {Journal of the {ACM}},
  year = 	 1968,
  volume =	 15,
  number =	 4,
  pages =	 {647-- 671}
}

@Article{Aho69:nsa,
  author = 	 {Alfred V. Aho},
  title = 	 {Nested stack automata},
  journal = 	 {Journal of the {ACM}},
  year = 	 1969,
  volume =	 16,
  number =	 3,
  pages =	 {383--406}
}


A. Aho, R. Sethi, J Ullman, Compilers: Principles, Techniques, Tools
Addison Wesley.

@Book{AhoSetUll:cptt,
  author =	 {A. Aho and R. Sethi and J Ullman},
  title = 	 {Compilers: Principles, Techniques, Tools},
  publisher = 	 {Addison Wesley},
  year = 	 1988
}

@Book{AhoUll:toptacI,
  author = 	 {A.V. Aho and J.D. Ullman},
  ALTeditor = 	 {},
  title = 	 {Theory of Parsing, Translation and Compiling},
  publisher = 	 {Englewood Cliffs (NJ)},
  year = 	 {1972},
  OPTkey = 	 {},
  volume = 	 {Volume I: Parsing},
  OPTnumber = 	 {},
  OPTseries = 	 {},
  OPTaddress = 	 {},
  OPTedition = 	 {},
  OPTmonth = 	 {},
  OPTnote = 	 {},
  OPTannote = 	 {}
}

@Book{AigZie:pftb,
  author = 	 {M. Aigner and G.M. Ziegler},
  ALTeditor = 	 {},
  title = 	 {Proofs from {THE BOOK}},
  publisher = 	 {Springer},
  year = 	 {1998},
  OPTkey = 	 {},
  OPTvolume = 	 {},
  OPTnumber = 	 {},
  OPTseries = 	 {},
  OPTaddress = 	 {},
  OPTedition = 	 {},
  OPTmonth = 	 {},
  OPTnote = 	 {Corrected second edition: 2002},
  OPTannote = 	 {}
}

@article{Akama:cplsnmt,
       author = {S. Akama},
       title = {Constructive predicate logic with strong negation and model
                theory}, 
       journal = {Notre Dame Journal of Formal Logic},
       year = {1988},
       volume = {29},
       pages = {18--27}
}


@Book{AlaArb:tdowac,
  author = 	 {S. Alagi\'c and M.A. Arbib},
  ALTeditor = 	 {},
  title = 	 {The Design of Well-Structured and Correct Programs},
  publisher = 	 {Springer},
  year = 	 {1978},
  OPTkey = 	 {},
  OPTvolume = 	 {},
  OPTnumber = 	 {},
  OPTseries = 	 {},
  OPTaddress = 	 {},
  OPTedition = 	 {},
  OPTmonth = 	 {},
  OPTnote = 	 {},
  OPTannote = 	 {}
}




@Article{AlbCasFag:acaoua,
  author = 	 {L. Albert and R. Casas and F. Fages},
  title = 	 {Average Case Analysis of Unification Algorithms},
  journal = 	 {Theoretical Computer Science},
  year = 	 {1993},
  OPTkey = 	 {},
  volume = 	 {113},
  OPTnumber = 	 {},
  pages = 	 {3--34},
  OPTmonth = 	 {},
  OPTnote = 	 {},
  OPTannote = 	 {}
}

@InCollection{Alberts:rohp,
  author = 	 {G. Alberts},
  title = 	 {Rekenen op Hoger Plan},
  booktitle = 	 {De opkomst van de informatietechnologie in {N}ederland},
  OPTcrossref =  {},
  OPTkey = 	 {},
  pages = 	 {84--101},
  publisher = {Stichting Historie der Techniek},
  year = 	 {1998},
  OPTeditor = 	 {},
  OPTvolume = 	 {},
  OPTnumber = 	 {},
  OPTseries = 	 {},
  OPTtype = 	 {},
  OPTchapter = 	 {},
  OPTaddress = 	 {},
  OPTedition = 	 {},
  OPTmonth = 	 {},
  OPTnote = 	 {},
  OPTannote = 	 {}
}

@article{AlcGarMak:otlotc,
       author = {C.E.  Alchourron and P. G\"{a}rdenfors and D. Makinson},
       title = {On the Logic of Theory Change},
       journal = {Journal of Symbolic Logic},
       volume = {50},
       pages = {510--530},
       year = {1985}
}

@article{Allen:mkati,
	author = {J.F. Allen},
	title = {Maintaining Knowledge about Temporal Intervals},
	journal = {Communications of the ACM},
	year = {1983},
	volume = {26},
	pages = {832--843}
}


@PhdThesis{Aloni:qucc,
  author = 	 {M. Aloni},
  title = 	 {Quantification under Conceptual Cover},
  school = 	 {ILLC},
  year = 	 {2001},
  OPTkey = 	 {},
  OPTtype = 	 {},
  address = 	 {Amsterdam},
  month = 	 {January},
  OPTnote = 	 {},
  OPTannote = 	 {}
}

@article{Alshawi:rqlf,
  author = {H. Alshawi},
  title = {Resolving Quasi Logical Form},
  journal = {Computational Linguistics},
  year = {1990},
  volume = {16},
  pages = {133--144}
}

@book{Alshawi:tcle,
	title = {The Core Language Engine},
	publisher = {MIT Press, Cambridge Mass},
	year = {1992},
	editor = {H. Alshawi},
	address = {Cambridge, Mass., and London, England}
}

@inproceedings{AlsCro:msi,
  author = {H. Alshawi and R. Crouch},
  title = {Monotonic Semantic Interpretation},
  booktitle = {Proceedings 30th Annual Meeting of 
               the Association for Computational Linguistics},
  year = {1992},
  pages = {32--38}
}


@Article{AndBenNem:bafbml,
  author = 	 "H. Andr\'eka and Benthem, J. van and I. N\'emeti",
  title = 	 "Back and Forth Between Modal Logic and Classical Logic",
  OPTcrossref =  "",
  OPTkey = 	 "",
  journal = 	 IGPL,
  year = 	 "1995",
  volume = 	 "3",
  OPTnumber = 	 "",
  pages = 	 "685--720",
  OPTmonth = 	 "",
  OPTnote = 	 "",
  OPTannote = 	 ""
}

@Article{AndBenNem:mlabfo,
  author = 	 {H. Andr\'eka and J. van Benthem and I. N\'emeti},
  title = 	 {Modal Logics and Bounded Fragments of Predicate Logic},
  journal = 	 {Journal of Philosophical Logic},
  year = 	 {1998},
  OPTkey = 	 {},
  volume = 	 {27},
  number = 	 {3},
  pages = 	 {217--274},
  OPTmonth = 	 {},
  OPTnote = 	 {},
  OPTannote = 	 {}
}


@incollection{AppHob:mame,
     title = {Making abduction more efficient},
     author = {Douglas Appelt and Jerry Hobbs},
     booktitle = {Proceedings, Darpa Speech and Natural Language Workshop,
   Hidden Valley},
     author = {DARPA},
publisher = {Morgan Kaufmann, Inc., San Mateo, California},
year = {1990},
 pages = {60-62}
}

@Unpublished{Apt:teocp,
  author = 	 {K.R. Apt},
  title = 	 {The Essence of Constraint Propagation},
  note = 	 {Manuscript, CWI, Amsterdam},
  OPTkey = 	 {},
  OPTmonth = 	 {},
  year = 	 {1998},
  OPTannote = 	 {}
}

@InProceedings{Apt:adsffo,
  author = 	 {K.R. Apt},
  title = 	 {A Denotational Semantics for First-Order Logic},
  booktitle = 	 {Proc. of the Computational Logic Conference (CL2000)},
  OPTcrossref =  {},
  OPTkey = 	 {},
  pages = 	 {53--69},
  year = 	 {2000},
  OPTeditor = 	 {},
  OPTvolume = 	 {},
  OPTnumber = 	 {},
  series = 	 {Notes in Artificial Intelligence 1861},
  OPTaddress = 	 {},
  OPTmonth = 	 {},
  OPTorganization = {},
  publisher = {Springer},
  OPTnote = 	 {},
  OPTannote = 	 {}
}

@article{Apt:tyohl,
	author = {K.R. Apt},
	title = {Ten Years of {H}oare's Logic: A Survey---Part I},
	journal = {ACM Transactions on Programming Languages and Systems},
	year = {1981},
	volume = {3},
	number = {4},
	pages = {431--483}
}

@incollection{Apt:lp,
	author = {K.R. Apt},
	title = {Logic Programming}, 
	booktitle = {Handbook of Theoretical Computer Science, Volume {B}}, 
        editor = {Leeuwen, J. van}, 
	year = {1990},
	pages = {493--574}, 
        publisher = {Elsevier}, 
        address = {Amsterdam}
}



@Book{Apt:flptp,
  author = 	 "K.R. Apt",
  title = 	 "From Logic Programming to Prolog",
  publisher = 	 "Prentice Hall",
  year = 	 "1997",
  OPTcrossref =  "",
  OPTkey = 	 "",
  OPTeditor = 	 "",
  OPTvolume = 	 "",
  OPTnumber = 	 "",
  series = 	 "International series in computer science",
  address = 	 "London etc",
  OPTedition = 	 "",
  OPTmonth = 	 "",
  OPTnote = 	 "",
  OPTannote = 	 ""
}

@InCollection{AptBezem:fap,
  author =       {K.R. Apt and M. Bezem},
  title =        {Formulas as Programs},
  booktitle =    {The Logic Programming Paradigm: a 25 Years Perspective},
  OPTcrossref =  {},
  OPTkey =       {},
  pages =     {75--107},
  publisher = {Springer Verlag},
  year =         {1999},
  editor =       {K.R. Apt and V. Marek and M. Truszczyski and D.S. Warren},
  OPTvolume =    {},
  OPTnumber =    {},
  OPTseries =    {},
  OPTtype =      {},
  OPTchapter =   {},
  OPTaddress =   {},
  OPTedition =   {},
  OPTmonth =     {},
  note =         {Paper available as \verb^http://xxx.lanl.gov/abs/cs.LO/9811017^},
  OPTannote =    {}
}

@incollection{AptBez:ap, 
        author = {K.R. Apt and M. Bezem}, 
        title = {Acyclic Programs}, 
        booktitle = {Proceedings of the Seventh International Conference on Logic Programming}, 
        editor = {D.H.D. Warren and P. Szeredi}, 
        publisher = {MIT Press, Cambridge Mass}, 
        pages = {617--633}, 
        year = {1990}
}

@Book{AptOlderog:vosacp,
  author = 	 {K. R. Apt and E.-R. Olderog},
  ALTeditor = 	 {},
  title = 	 {Verification of Sequential and Concurrent Program},
  publisher = 	 {Springer},
  year = 	 {1997},
  OPTkey = 	 {},
  OPTvolume = 	 {},
  OPTnumber = 	 {},
  OPTseries = 	 {},
  OPTaddress = 	 {},
  OPTedition = 	 {},
  OPTmonth = 	 {},
  note = 	 {Second Edition},
  OPTannote = 	 {}
}

@Article{AptCS:aailts,
  author = 	 {K.R. Apt and J. Brunekreef and V. Partington and A. Schaerf},
  title = 	 {Alma-0: An imperative language 
                  that supports declarative programming},
  journal = 	 {ACM Toplas},
  year = 	 {1998},
  OPTkey = 	 {},
  volume = 	 {20},
  OPTnumber = 	 {},
  pages = 	 {1014--1066},
  OPTmonth = 	 {},
  OPTnote = 	 {},
  OPTannote = 	 {}
}

@PhdThesis{Areces:le,
  author = 	 {C. Areces},
  title = 	 {Logic Engineering: The Case of Description and 
                  Hybrid Logics},
  school = 	 {ILLC},
  year = 	 {2000},
  OPTkey = 	 {},
  OPTtype = 	 {},
  address = 	 {Amsterdam},
  OPTmonth = 	 {},
  OPTnote = 	 {},
  OPTannote = 	 {}
}

@Article{AreBlaMar:hlcic,
  author = 	 {C. Areces and P. Blackburn and M. Marx},
  title = 	 {Hybrid logics: 
                  Characterization, interpolation and complexity},
  journal = 	 {Journal of Symbolic Logic},
  year = 	 2001
}

@article{AreNivRij:reso01,
      author = {Areces, C. and de Nivelle, H. and de Rijke, M.},
      journal = {Journal of Logic and Computation},
      pages = {717--736},
      title = {Resolution in Modal, Description and Hybrid Logic},
      volume = 11,
      number = 5,
      year = 2001,
      note = {Special Issue on Hybrid Logics. 
             Areces, C. and Blackburn, P. (eds.)}
} 

@InProceedings{AreHeg01:hylores,
  author =       {C. Areces and J. Heguiabehere},
  title =        {HyLoRes: Direct Resolution for Hybrid Logics},
  booktitle =    {Proceedings of Methods for Modalities 2},
  year =         2001,
  editor =       {C. Areces and M. de Rijke},
  address =      {Amsterdam, The Netherlands},
  month =        {November}
} 

@article{ArnDic:aacots,
        author = {A. Arnold and A. Dicky}, 
        title = {An algebraic characterization of transition system equivalences}, 
        journal = {Information and Computation}, 
        pages = {198--229}, 
        volume = {82}, 
        year = {1988}
}

@book{Arnold:fts, 
        author = {A. Arnold}, 
        title = {Finite Transition Systems}, 
        publisher = {Prentice Hall}, 
        year = {1994}
}

@TechReport{AriKlo:bitgr,
  author = 	 {Z.M. Ariola and J.W. Klop},
  title = 	 {Bisimilarity in Term Graph Rewriting},
  institution =  {CWI},
  year = 	 {1998},
  OPTkey = 	 {},
  OPTtype = 	 {},
  number = 	 {SEN-R9801},
  OPTaddress = 	 {},
  OPTmonth = 	 {},
  OPTnote = 	 {},
  OPTannote = 	 {}
}

@article{ArnDic:aacots,
        author = {A. Arnold and A. Dicky}, 
        title = {An algebraic characterization of transition system equivalences}, 
        journal = {Information and Computation}, 
        pages = {198--229}, 
        volume = {82}, 
        year = {1988}
}

@Unpublished{asfsdf,
  author = 	 {NN},
  title = 	 {The {ASF+SDF} Project},
  note = 	 {\verb&http://www.cwi.nl/~gipe/asf+sdf.html&},
  OPTkey = 	 {},
  OPTmonth = 	 {},
  OPTyear = 	 {},
  OPTannote = 	 {}
}

@article{Asher:bidrt,
	author = {N. Asher},
	title = {Belief in Discourse Representation Theory},
	journal = {Journal of Philosophical Logic},
	year = {1986},
	volume = {15},
	pages = {127--189}
}

@book{Asher:rtaoid,
	title = {Reference to Abstract Objects in Discourse},
	publisher = {Kluwer, Dordrecht},
	year = {1993},
	author = {Asher, N.},
	address = {Dordrecht}
}

@techreport{AshKam:tkpatl,
	title = {The Knower's Paradox and the Logics of Attitudes},
	author = {N. Asher and H. Kamp},
	institution = {AI Lab, University of Texas},
	year = {1985},
	number = {78712}
}


@inproceedings{AshMor:ceamtonr,
  author = {Asher, N. and Morreau, M.},
  title = {Commonsense Entailment: A Modal Theory of Nonmonotonic Reasoning},
  booktitle = {IJCAI' 91, Proceedings},
  year = {1991},
  pages = {}
}


@article{AshWad:acaossadpfar,
	author = {Asher, N. and Wada, H.},
	title = {A Computational Account of Syntactic, Semantic and
		  Discourse Principles for Anaphora Resolution},
	journal = {Journal of Semantics},
	year = {1988},
	volume = {6},	
        number = {3},
	pages = {309--344}
}



@InProceedings{AycHor01:deep,
  author = 	 {J. Aycock and N. Horspool},
  title = 	 {Directly-Executable {E}arley Parsing},
  booktitle = 	 {{CC}-2001---10th International Conference on 
                  Compiler Construction},
  pages =	 {229--243},
  year =	 2001,
  number =	 2027,
  series =	 {Lecture Notes in Computer Science},
  address =	 {Berlin},
  publisher =	 {Springer}
}

@Article{AycHor02:pep,
  author = 	 {J. Aycock and R.N. Horspool},
  title = 	 {Practical {E}arley Parsing},
  journal = 	 {The Computer Journal},
  year = 	 2002,
  volume =	 45,
  number =	 6
}

@Book{BaaderCS:tdlh,
  ALTauthor = 	 {},
  editor = 	 {F. Baader and D. Calvanese and D McGuinness
                  and D. Nardy and P Patel-Schneider},
  title = 	 {The Description Logic Handbook},
  publisher = 	 {Cambridge University Press},
  year = 	 {2001},
  OPTkey = 	 {},
  OPTvolume = 	 {},
  OPTnumber = 	 {},
  OPTseries = 	 {},
  OPTaddress = 	 {},
  OPTedition = 	 {},
  OPTmonth = 	 {},
  OPTnote = 	 {},
  OPTannote = 	 {}
}

%B



@Book{BaaNip:traat,
  author = 	 {F. Baader and T. Nipkow},
  ALTeditor = 	 {},
  title = 	 {Term Rewriting and All That},
  publisher = 	 {Cambridge University Press},
  year = 	 {1998},
  OPTkey = 	 {},
  OPTvolume = 	 {},
  OPTnumber = 	 {},
  OPTseries = 	 {},
  OPTaddress = 	 {},
  OPTedition = 	 {},
  OPTmonth = 	 {},
  OPTnote = 	 {},
  OPTannote = 	 {}
}

@incollection{BaaderSnyderHandbook01,
        author = {Baader, F. and Snyder, W.},
        title = {Unification Theory},
        booktitle = {Handbook of Automated Reasoning},
        editor = {J.A. Robinson and A. Voronkov},
        publisher = {Elsevier Science Publishers},
        year = {2001},
        OPTccl = {yes},
}



@Book{Babbage:otpad,
  author =	 {C. Babbage},
  title = 	 {On the Principles and Development 
                  of the Calculator},
  publisher = 	 {Dover},
  year = 	 1961,
  note =	 {Edited and with an introduction by 
                  P. Morrison and E. Morrison}
}


@Book{Babbage:pftlo,
  author =	 {C. Babbage},
  title = 	 {Passages from the Life of a Philosopher},
  publisher = 	 {Rutgers University Press and IEEE-Press},
  year = 	 1994,
  address =	 {New Brunswick, New Jersey 
                  and Piscataway, New Jersey},
  note =	 {Edited with a new introduction by 
                  Martin Campbell-Kelly. Originally published 1864.}
}

@incollection{Bach:ottaa,
	author = {Bach, E.},
	title = {On Time, Tense and Aspect: An Essay in English Metaphysics},
	booktitle = {Radical Pragmatics},
	year = {1981},
	publisher = {Academic Press, New York},
	editor = {Cole, P.},
	pages = {62-81},
	address = {New York}
}

@inproceedings{Bach:tmonl,
	author = {Bach, E.},
	title = {The Metaphysics of Natural Languages},
	booktitle = {Proceedings of the Seventh International Congress on Logic, Methodology and Philosophy of Science},
	year = {1986}
}

@article{Bach:taoe, 
        author = {Bach, E.}, 
        title = {The Algebra of Events}, 
        journal = {Linguistics and Philosophy}, 
        pages = {5--16}, 
        year = {1986}
}


@Article{BacRogVij:afaott,
  author = 	 "R Backofen and J. Rogers and K. Vijay-Shanker",
  title = 	 "A first-order axiomatization of the theory of finite trees",
  OPTcrossref =  "",
  OPTkey = 	 "",
  journal = 	 "Journal of Logic, Language and Information",
  year = 	 "1995",
  volume = 	 "4",
  number = 	 "1",
  pages = 	 "5--39",
  OPTmonth = 	 "",
  OPTnote = 	 "",
  OPTannote = 	 ""
}



@Article{Backofen:acaoat,
  author = 	 "R. Backofen",
  title = 	 "A Complete Axiomatization of a Theory with Feature
		  and Arity Constraints",
  OPTcrossref =  "",
  OPTkey = 	 "",
  journal = 	 "JOurnal of Logic Programming",
  year = 	 "1995",
  volume = 	 "24",
  OPTnumber = 	 "",
  pages = 	 "37--71",
  OPTmonth = 	 "",
  OPTnote = 	 "",
  OPTannote = 	 ""
}



@InProceedings{BaeBer92:pawsac,
  author = 	 {J.C.M. Baeten and J.A. Bergstra},
  title = 	 {Process Algebra with Signals and Conditions},
  booktitle = 	 {Programming and Mathematical Methods},
  pages =	 {273--323},
  year =	 1992,
  editor =	 {M. Broy},
  volume =	 {F 88},
  series =	 {NATO ASI Series},
  publisher =	 {Springer}
}

@unpublished{BaeBerKlo:dobefp,
	author = {J.C.M. Baeten and J.A. Bergstra and J.W. Klop},
	title = {Decidability of Bisimulation Equivalence for Processes Generating Context-free Languages},
	note = {To appear in the Journal of the ACM},
	year = {1991}
}

@article{BaeBerKlo:rsfcpa,
	author = {J.C.M. Baeten and J.A. Bergstra and J.W. Klop},
	title = {Ready-trace semantics for concrete process algebra with the priority operator},
	journal = {The Computer Journal},
	year = {1987},
	volume = {30},
	number = {6},
	pages = {498--506}
}

@book{BaeWei:pa, 
   author = {J.C.M. Baeten and W.P. Weijland}, 
   title = {Process Algebra}, 
   publisher = {Cambridge University Press}, 
   year = {1990}
}



@book{Bakker:mtopc, 
        author = {Bakker, J.W.~de}, 
        title = {Mathematical Theory of Program Correctness}, 
        publisher = {Prentice Hall, London}, 
        year = {1980}
}



@Book{Balakrishnan:idm,
  author = 	 {V. K. Balakrishnan},
  ALTeditor = 	 {},
  title = 	 {Introductory Discrete Mathematics},
  publisher = 	 {Dover},
  year = 	 {1991},
  OPTkey = 	 {},
  OPTvolume = 	 {},
  OPTnumber = 	 {},
  OPTseries = 	 {},
  OPTaddress = 	 {},
  OPTedition = 	 {},
  OPTmonth = 	 {},
  OPTnote = 	 {},
  OPTannote = 	 {}
}

@inproceedings{BalBroFox:hatmah,
	author = 	"{De Roeck}, A. and Ball, R. and Brown, E.K. and
			Fox, C.J. and Groefsema, M. and Obeid, N. and
			Turner, R.",
	year =		1991,
	title =		"Helpful Answers to Modal and Hypothetical Questions",
	booktitle =	"Proceedings of the European ACL 1991",
	address = 	"Berlin"
}


@Article{Baltag02:alfsp,
  author = 	 {A. Baltag},
  title = 	 {A logic for suspicious players: epistemic action and belief-updates
                  in games},
  journal = 	 {Bulletin of Economic Research},
  year = 	 2002,
  volume =	 54,
  number =	 1,
  pages =	 {1--45}
}



@Article{BalMos04:lfep,
  author = 	 {A. Baltag and L.S. Moss},
  title = 	 {Logics for Epistemic Programs},
  journal = 	 {Synthese},
  year = 	 2004,
  volume =	 139,
  number =	 2,
  pages =	 {165--224}
}

@TechReport{BalMosSol99:tlops,
  author = 	 {A. Baltag and L.S. Moss and S. Solecki},
  title = 	 {The logic of public announcements, common knowledge, and private suspicions},
  institution =  {CWI},
  year = 	 1999,
  number =	 {SEN-R9922},
  address =	 {Amsterdam}
}



@TechReport{BalMosSol03:tlops,
  author = 	 {A. Baltag and L.S. Moss and S. Solecki},
  title = 	 {The logic of public announcements, common knowledge, and private suspicions},
  institution =  {Dept of Cognitive Science, Indiana University 
                  and Dept of Computing, Oxford University},
  year = 	 {2003},
  OPTkey = 	 {},
  OPTtype = 	 {},
  OPTnumber = 	 {},
  OPTaddress = 	 {Bloomington and Oxford},
  OPTmonth = 	 {},
  OPTnote = 	 {Updated version of \cite{BalMosSol99:tlops}},
  OPTannote = 	 {}
}

@article{Barendregt:itgts,
	author = {H. Barendregt},
	title = {Introduction to generalized type systems},
	journal = {Journal of Functional Programming},
	year = {1991},
	volume = {1},
	pages = {125--154}
}

@book{Barendregt:tlc,
	title = {The Lambda Calculus: Its Syntax and Semantics (2nd ed.)},
	publisher = {North-Holland, Amsterdam},
	year = {1984},
	author = {H. Barendregt}
}

@proceedings{BarNip:tfpap, 
   editor = {H. Barendregt and T. Nipkow}, 
   title = {Types for Proofs and Programs/ 
            International Workshop TYPES'93}, 
   year = {1994}
}

@book{BarBerRis:ccanl, 
        author = {Barton and Berwick and Ristad}, 
        title = {Computational Complexity and Natural Language}, 
        publisher = {MIT Press, Cambridge, Mass}, 
        year = {1987}
}

@book{BarWel:ctfcs, 
     author = {M. Barr and C. Wells}, 
     title = {Category Theory for Computing Science}, 
     publisher = {Prentice Hall}, 
     address = {New York}, 
     year = {1990}
}



@Book{BarWel:ttt,
  ALTauthor = 	 {M. Barr and C. Wells},
  ALTeditor = 	 {},
  title = 	 {Toposes, Triples and Theories},
  publisher = 	 {none},
  year = 	 {2000 or later},
  OPTkey = 	 {},
  OPTvolume = 	 {},
  OPTnumber = 	 {},
  OPTseries = 	 {},
  OPTaddress = 	 {},
  OPTedition = 	 {},
  OPTmonth = 	 {},
  note = 	 {Downloadable from the internet; available from 
                  \url{http://www.cwru.edu/artsci/math/wells/pub/ttt.html}},
  OPTannote = 	 {}
}

@incollection{Barwise:ccatfo, 
      author = {J. Barwise}, 
      title = {Constraints, channels, and the flow of information}, 
      booktitle = {Situation Theory and Its Applications, Vol. 3}, 
      editor = {P. Aczel and D. Israel and Y. Katagiri and S. Peters},
      publisher = {CSLI}, 
      year = {1993}, 
      pages = {3--27}, 
      address = {Stanford, CA}
}

@Misc{Barwise:noamoa,  
  author = 	"Barwise, J.",
  title = 	"Notes on a Model of a Theory of Situations, Sets, Types and 
		 Propositions",
  howpublished = "Notes for the 1987 Linguistics Institute, 
		  Stanford University",
  month = 	"",
  year = 	"1987",
  note = 	"",
  topics =	"natural language semantics situation theory"
}

@incollection{Barwise:npgqaa,
	author = {J. Barwise},
	title = {Noun Phrases, Generalized Quantifiers and Anaphora},
	booktitle = {Generalized Quantifiers: linguistic and logical approaches},
	year = {1987},
	publisher = {Reidel, Dordrecht},
	editor = {P. G\"{a}rdenfors},
	pages = {1--30}
}


@InCollection{Barwise:nobpis,   
  author = 	"Barwise, J.",
  title = 	"Notes on Branch Points in Situation Theory",
  crossref = 	"Barwise:tsil",
  chapter = 	"11",
  pages = 	"255--277",
  topics = 	"mutual belief common knowledge situation theory",
  note = 	""
}

@InCollection{Barwise:otmtoc,    
  author = 	"Barwise, J.",
  title = 	"On the Model Theory of Common Knowledge",
  crossref = 	"Barwise:tsil",
  chapter = 	"9",
  pages = 	"201--220",
  topics = 	"mutual belief common knowledge situation semantics",
  note = 	""
}

@Book{Barwise:tsil,
  author = 	"Barwise, J.",
  key =         "barwise:89",
  booktitle =	"The Situation in Logic",
  title =	"The Situation in Logic",
  publisher = 	"University of Chicago Press",
  series =	"CSLI Lecture Notes",
  year =	"1989",
  topics =	"Situation Semantics, situations vs possible worlds",
  where =	"HAVE"
}

@article{Barwise:obqie,
	author = {Barwise, J.},
	title = {On Branching Quantifiers in English},
	journal = {Journal of Philosophical Logic},
	year = {1979},
	volume = {8},
	pages = {47-80}
}

@article{Barwise:saos,
	author = {J. Barwise},
	title = {Scenes and Other Situations},
	journal = {The Journal of Philosophy},
	year = {1981},
	volume = {78},
	pages = {369--397}
}

@article{BarCoo:gqanl,
	author = {Barwise, J. and Cooper, R.},
	title = {Generalized Quantifiers and Natural Language},
	journal = {Linguistics and Philosophy},
	year = {1981},
	volume = {4},
	pages = {159--219}
}

@InCollection{BarCoo:ekn,     
  author = 	"Barwise, J. and Cooper, R.",
  title = 	"Extended {K}amp Notation",
  booktitle = 	"Situation Theory and its Applications, v.3",
  publisher = 	"CSLI",
  year = 	"1993",
  editor = 	"Aczel, P. and Israel, D. and Katagiri, Y. and Peters, S.",
  chapter = 	"2",
  pages = 	"29--54",
  address = 	"",
  month = 	"",
  note = 	""
}

@book{BarEtc:tl,
	title = {The Liar},
	publisher = {Chicago University Press, Chicago},
	year = {1987},
	author = {J. Barwise and J. Etchemendy},
	address = {Chicago}
}

@InCollection{BarEtc:iiai,    
  author = 	"Barwise, J. and Etchemendy, J.",
  title = 	"Information, Infons, and Inference",
  booktitle = 	"Situation Theory and its Applications, volume {I} ",
  publisher = 	"CSLI and University of Chicago",
  year = 	"1990",
  editor = 	"Cooper, R. and Mukai, K. and Perry, J.",
  chapter = 	"2",
  pages = 	"33--78",
  address = 	"Stanford",
  month = 	"",
  note = 	"",
  topics =	"situation theory",
  where =	"HAVE"
}


@book{BarPer:saa,
	title = {Situations and Attitudes},
	publisher = {MIT Press, Cambridge Mass},
	year = {1983},
	author = {J. Barwise and J. Perry},
	address = {Cambridge, MA}
}

@Book{BarMos:vc,
  author = 	 {J. Barwise and L. Moss},
  ALTeditor = 	 {},
  title = 	 {Vicious Circles: On the Mathematics of 
                  Non-wellfounded Phenomena},
  publisher = 	 {{CSLI} Publications},
  year = 	 {1996},
  OPTkey = 	 {},
  OPTvolume = 	 {},
  OPTnumber = 	 {},
  OPTseries = 	 {},
  OPTaddress = 	 {},
  OPTedition = 	 {},
  OPTmonth = 	 {},
  OPTnote = 	 {},
  OPTannote = 	 {}
}


@Book{BasCleKaz03:saip,
  author =	 {L. Bass and P. Clements and R. Kazman},
  title = 	 {Software Architecture in Practice},
  publisher = 	 {Addison-Wesley},
  year = 	 2003,
  note =	 {second edition}
}

@article{BasMatVig:lpml,
    author = "David A. Basin and Sean Matthews and Luca Vigano",
    title = "Labelled Propositional Modal Logics: Theory and Practice",
    journal = "Journal of Logic and Computation",
    volume = "7",
    number = "6",
    pages = "685-717",
    year = "1997",
    url = "citeseer.nj.nec.com/article/basin97labelled.html" 
}

@InProceedings{BauFurNie:ht,
  author = 	 {P. Baumgartner and P. Fr\"{o}hlich and I. Niemel\"{a}},
  title = 	 {Hyper Tableaux},
  booktitle = 	 {Proceedings {JELIA} 96},
  OPTcrossref =  {},
  OPTkey = 	 {},
  OPTpages = 	 {},
  year = 	 {1996},
  OPTeditor = 	 {},
  OPTvolume = 	 {},
  OPTnumber = 	 {},
  series = 	 {Lecture Notes in Artificial Intelligence},
  OPTaddress = 	 {},
  OPTmonth = 	 {},
  OPTorganization = {},
  publisher = {Springer},
  OPTnote = 	 {},
  OPTannote = 	 {}
}

@InProceedings{Baumgartner:FDPLL,
  author = 	 {Baumgartner, P.},
  title = 	 {{FDPLL} --- a First-Order 
                  {D}avis-{P}utnam-{L}ogeman-{L}oveland Procedure},
  booktitle = 	 {Automated Deduction},
  OPTcrossref =  {},
  OPTkey = 	 {},
  OPTpages = 	 {},
  year = 	 {2000},
  editor = 	 {D. McAllester},
  OPTvolume = 	 {},
  OPTnumber = 	 {},
  series = 	 {LNAI},
  OPTaddress = 	 {},
  OPTmonth = 	 {},
  OPTorganization = {},
  OPTpublisher = {Springer},
  note = 	 {CADE-17},
  OPTannote = 	 {}
}

@InProceedings{Baumgartner:httng,
  author = 	 {P. Baumgartner},
  title = 	 {Hyper Tableaux --- The Next Generation},
  booktitle = 	 {Proceedings International Conference on Automated 
                  Reasoning with Analytic Tableaux and Related Methods},
  OPTcrossref =  {},
  OPTkey = 	 {},
  pages = 	 {60-76},
  year = 	 {1998},
  editor = 	 {Swart, H. de},
  OPTvolume = 	 {},
  number = 	 {1397},
  series = 	 {Lecture Notes in Computer Science},
  OPTaddress = 	 {},
  OPTmonth = 	 {},
  OPTorganization = {},
  publisher = {Springer},
  OPTnote = 	 {},
  OPTannote = 	 {}
}

@techreport{Bauerle:eur,
	title = {Ereignisse und Repr\"{a}sentationen},
	author = {B\"{a}uerle, R.},
	institution = {IBM Germany},
	year = {1988},
	type = {LILOG-Report},
	number = {43},
	address = {Stuttgart}
}

@article{Bealer:otiopa,
	author =	"Bealer, George",
	year =		1989,
	title =		"On the Identification of Properties and
			Propositional Functions",
	journal =	"Linguistics and Philosophy",
	volume =	12,
	pages =		"1--14"
}


@unpublished{Bealer:lnpt,
	author = {G. Bealer},
	title = {Lecture Notes Property Theory},
	note = {Lecture Notes Summerschool LLI, Leuven},
	year = {1990}
}

@book{Bealer:qac,
	title = {Quality and Concept},
	publisher = {Clarendon Press, Oxford},
	year = {1982},
	author = {G. Bealer},
	address = {Oxford}
}

@Unpublished{Beaver:tood,
  author = 	 {D. Beaver},
  title = 	 {The Optimization of Discourse},
  note = 	 {Manuscript, Stanford University},
  OPTkey = 	 {},
  month = 	 {July},
  year = 	 {2000},
  OPTannote = 	 {}
}

@inproceedings{Beaver:tkop,
	author = {D. Beaver},
	title = {The Kinematics of Presupposition},
	booktitle = {Proceedings of the Eighth Amsterdam Colloquium},
	year = {1992},
	publisher = {ILLC, University of Amsterdam},
	pages = {17--36},
	editor = {P. Dekker and M. Stokhof}
}

@InProceedings{Beaver:tloar,
  author = 	 {D. Beaver},
  title = 	 {The Logic of Anaphora Resolution},
  booktitle = 	 {Proceedings of the Twelfth Amsterdam Colloquium},
  OPTcrossref =  {},
  OPTkey = 	 {},
  pages = 	 {61--66},
  year = 	 {1999},
  editor = 	 {P. Dekker},
  OPTvolume = 	 {},
  OPTnumber = 	 {},
  OPTseries = 	 {},
  address = 	 {Amsterdam},
  OPTmonth = 	 {},
  organization = {ILLC},
  OPTpublisher = {},
  OPTnote = 	 {},
  OPTannote = 	 {}
}

@Unpublished{Beaver:cio,
  author = 	 {D. Beaver},
  title = 	 {Centering in {OT}},
  note = 	 {Handout, Utrecht},
  OPTkey = 	 {},
  month = 	 {September},
  year = 	 {2000},
  OPTannote = 	 {}
}

@unpublished{Beaver:wcfids,
	author = {D.I. Beaver},
	title = {What Comes First in Dynamic Semantics},
	note  = {Manuscript, University of Edinburgh},
	year = {1993}
}

@InProceedings{Beckert:dfpswb,
  author = 	 {B. Beckert},
  title = 	 {Depth-first proof search without backtracking for 
                  free variable clausal tableaux},
  booktitle = 	 {Proceedings International Workshop on First-Order Theorem
                  Proving, St. Andrews, Scotland},
  OPTcrossref =  {},
  OPTkey = 	 {},
  pages = 	 {44--55},
  year = 	 {2000},
  editor = 	 {P. Baumgartner and H. Zhang},
  OPTvolume = 	 {},
  OPTnumber = 	 {},
  OPTseries = 	 {},
  OPTaddress = 	 {},
  OPTmonth = 	 {},
  OPTorganization = {},
  OPTpublisher = {},
  note = 	 {Available online at 
          \verb^http://i12www.ira.uka.de/~key/doc/2000/beckert00a.ps.gz^},
  OPTannote = 	 {}
}



@InProceedings{Bekki00:tdlfel,
  author = 	 {D. Bekki},
  title = 	 {Typed Dynamic Logic for {E}-type link},
  booktitle = 	 {Proceedings for Third International
                  Conference on Discourse Anaphora and Anaphor
                  Resolution ({DAARC}2000)},
  OPTcrossref =  {},
  OPTkey = 	 {},
  pages = 	 {39--48},
  year = 	 {2000},
  OPTeditor = 	 {},
  OPTvolume = 	 {},
  OPTnumber = 	 {},
  OPTseries = 	 {},
  OPTaddress = 	 {},
  OPTmonth = 	 {},
  organization = {Lancaster University, U.K.},
  OPTpublisher = {},
  OPTnote = 	 {},
  OPTannote = 	 {}
}

@inproceedings{Belnap:aufl,
	author = {N.D. Belnap},
	title = {A Useful Four-Valued Logic},
	booktitle = {Modern Uses of Multiple-valued Logic},
	year = {1977},
	publisher = {Reidel, Dordrecht},
	pages = {8--37},
	editor = {J.M. Dunn and G. Epstein}
}

@InCollection{Belnap:qaaimg,
  author = 	"Belnap, N.",
  title = 	"Questions and Answers in {M}ontague Grammar",
  booktitle = 	"Processes, Beliefs and Questions",
  publisher = 	"D. Reidel",
  year = 	"1982",
  editor = 	"Peters, S. and Saarinen, E.",
  chapter = 	"",
  pages = 	"",
  address = 	"Dordrecht",
  month = 	"",
  note = 	""
}



@Article{BelPer:twota,
  author = 	 "N. Belnap and M. Perloff",
  title = 	 "The Way of the Agent",
  OPTcrossref =  "",
  OPTkey = 	 "",
  journal = 	 "Studia Logica",
  year = 	 "1992",
  volume = 	 "51",
  OPTnumber = 	 "",
  pages = 	 "463--484",
  OPTmonth = 	 "",
  OPTnote = 	 "",
  OPTannote = 	 ""
}

@techreport{BenShalom:apvsfp, 
  author = {D. Ben-Shalom}, 
  title = {A Path-based variable-free system for predicate logic}, 
  institution = {CWI}, 
  address = {Amsterdam}, 
  number = {CS-R9444}, 
  month = {July}, 
  year = {1994}
}


@InCollection{BenShalom94:atcogc,
  author = 	 {Ben-Shalom, Dorit},
  title = 	 {A Tree Characterization of Generalized Quantifier Reducibility},
  booktitle = 	 {Dynamics, Polarity and Quantification},
  pages =	 {147--171},
  publisher =	 {CSLI},
  year =	 1994,
  editor =	 {M. Kanazawa and C.J. Pin\'{o}n},
  number =	 48,
  series =	 {{CSLI} Lecture Notes}
}

@Unpublished{BenEijJasKal:per,
  author = 	 {J. van Benthem and J. van Eijck and J. Jaspars and A. Kaldewaij},
  title = 	 {Programmeren en Redeneren},
  note = 	 {Lecture notes $\beta\gamma$, UvA},
  OPTkey = 	 {},
  OPTmonth = 	 {},
  year = 	 {1999},
  OPTannote = 	 {}
}


@TechReport{Benthem02:oialn,
  author = 	 {Benthem, Johan van},
  title = 	 {One is a Lonely Number: on the logic of communication},
  institution =  {ILLC},
  year = 	 2002,
  number =	 {PP-2002-27},
  address =	 {Amsterdam},
  annote =	 {To appear in Proceedings of Logic Colloquium, 
                  M\"unster 2002}
}


@Unpublished{Benthem99:uar,
  author = 	 {Benthem, Johan van},
  title = 	 {Update as Relativization},
  note = 	 {manuscript, ILLC, Amsterdam},
  OPTkey = 	 {},
  OPTmonth = 	 {},
  OPTyear = 	 {1999},
  OPTannote = 	 {}
}

@InCollection{Benthem01:llac,
  author = 	 {Benthem, J. van},
  title = 	 {Language, Logic, and Communication},
  booktitle = 	 {Logic in Action},
  pages =	 {7--25},
  publisher =	 {ILLC},
  year =	 2001,
  editor =	 {J. van Benthem and P. Dekker and J. van Eijck and M. de Rijke and  Y. Venema}
}

@Article{Benthem89:pq,
  author = 	 {Benthem, J. van},
  title = 	 {Polyadic Quantifiers},
  journal = 	 {Linguistics and Philosophy},
  year = 	 1989,
  volume =	 12,
  number =	 4,
  pages =	 {437--464}
}

@Book{Benthem:eld,
  author = 	 "Benthem, J. van",
  title = 	 "Exploring Logical Dynamics",
  publisher = 	 "CSLI \&\ Folli",
  year = 	 "1996",
  OPTcrossref =  "",
  OPTkey = 	 "",
  OPTeditor = 	 "",
  OPTvolume = 	 "",
  OPTnumber = 	 "",
  OPTseries = 	 "",
  OPTaddress = 	 "",
  OPTedition = 	 "",
  OPTmonth = 	 "",
  OPTnote = 	 "",
  OPTannote = 	 ""
}

@article{BenEijSte94:mltsap,
	title = {Modal logic, transition systems and processes},
	author = {Benthem, J. van and J. van Eijck and V. Stebletsova},
	year = {1994},
	journal = {Journal of Logic and Computation}, 
        volume = {4}, 
        pages = {811--855}
}

@Article{Benthem94:potas,
  author = 	 {Benthem, J. van},
  title = 	 {Programming Operations that are Safe for Bisimulation}, 
  journal = 	 {Studia Logica},
  year = 	 1994,
  volume =	 60,
  number =	 2,
  pages =	 {311--330}
}

@article{Benthem:panicl, 
   author = {Benthem, J. van}, 
   title = {Partiality and Nonmonotonicity in Classical Logic}, 
   journal = {Logique et Analyse}, 
   volume = {29}, 
   year = {1986}, 
   OPTpages = {225--2??}
}

@incollection{Benthem:tacs, 
   author = {Benthem, J. van}, 
   title = {Towards a Computational Semantics}, 
   booktitle = {Generalized Quantifiers, Linguistic and Logical Approaches}, 
   editor = {P. G\"{a}rdenfors}, 
   publisher = {Reidel}, 
   address = {Dordrecht}
}

@book{Benthem:amoil, 
   author = {Benthem, J. van}, 
   title = {A manual of Intensional Logic; Second Edition, Revised and
            expanded}, 
   publisher = {CSLI}, 
   series = {CSLI Lecture Notes}, 
   address = {Stanford}, 
   year = {1988}
}

@unpublished{Benthem:mss,
      author = {Benthem, J. van},
      title = {Modal State Semantics},
      note = {Manuscript, University of Amsterdam},
      year = {1994}
}

@PhdThesis{Benthem:mct,
  author = 	 {Benthem, J. van},
  title = 	 {Modal Correspondence Theory},
  school = 	 {University of Amsterdam},
  year = 	 {1976},
  OPTkey = 	 {},
  OPTtype = 	 {},
  OPTaddress = 	 {},
  OPTmonth = 	 {},
  OPTnote = 	 {},
  OPTannote = 	 {}
}

@incollection{Benthem:anodal,
	title = {A Note on Dynamic Arrow Logic},
	author = {Benthem, J. van},
	booktitle = {Logic and Information Flow},
	year = {1994},
	publisher = {MIT Press, Cambridge Mass},
	editor = {Eijck, J. van and A. Visser}, 
        pages = {15--29}
}

@incollection{Benthem:ct,
	author = {Benthem, J. van},
	title = {Correspondence Theory},
	booktitle = {Handbook of Philosophical Logic, Volume II},
	year = {1984},
	publisher = {Reidel, Dordrecht},
	editor = {D. Gabbay and F. Guenthner},
	pages = {167--247}
}

@book{Benthem:eils,
	title = {Essays in Logical Semantics},
	publisher = {Reidel, Dordrecht},
	year = {1986},
	author = {Benthem, J. van}
}

@article{Benthem:gd,
	author = {Benthem, J. van},
	title = {General Dynamics},
	journal = {Theoretical Linguistics},
	year = {1991},
	volume = {17},
	pages = {159--201}
}

@incollection{Benthem:latfoi,
	title = {Logic and the Flow of Information},
	author = {Benthem, J. van},
	booktitle = {Proceedings 9th International Congress of Logic, 
		   Methodology and Philosophy of Science. Uppsala 1991}, 
	address = {Amsterdam}, 
	publisher = {Elsevier}, 
        pages = {693--724},
        year = {1993}
}

@article{Benthem:lap, 
        title = {Logic as Programming},
        author = {Benthem, J. van},  
        journal = {Fundamenta Informaticae}, 
        year = {1992}, 
        pages = {285--318}, 
        volume = {17}
}

@book{Benthem:lia,
	title = {Language in Action: categories, lambdas and dynamic logic},
	publisher = {Elsevier, Amsterdam},
	year = {1991},
	author = {Benthem, J. van},
	series = {Studies in Logic 130}
}

@techreport{Benthem:mlaato,
	title = {Modal Logic as a Theory of Information},
	author = {Benthem, J. van},
	institution = {ILLC, University of Amsterdam},
	year = {1989},
	number = {LP-89-05}
}

@book{Benthem:mlacl,
	title = {Modal Logic and Classical Logic},
	publisher = {Bibliopolis, Naples},
	year = {1985},
	author = {Benthem, J. van}
}

@article{Benthem:qaq,
	author = {Benthem, J. van},
	title = {Questions about Quantifiers},
	journal = {Journal of Symbolic Logic},
	year = {1984},
	volume = {49},
	pages = {443--466}
}

@techreport{Benthem:roel,
	title = {Reflections on Epistemic Logic},
	author = {Benthem, J. van},
	institution = {ILLC},
	year = {1994},
	number = {X-94-01},
	note = {To appear in  Logique et Analyse}
}

@inproceedings{Benthem:spinla,
	author = {Benthem, J. van},
	title = {Semantic parallels in natural language and computation},
	booktitle = {Logic Colloquium, Granada, 1987},
	year = {1989},
	publisher = {Elsevier, Amsterdam},
	pages = {331--375},
	address = {Amsterdam},
	editor = {H.-D. Ebbinghaus and others}
}

@book{Benthem:tlot,
	title = {The Logic of Time},
	publisher = {Reidel, Dordrecht},
	year = {1983},
	author = {Benthem, J. van},
	address = {Dordrecht}
}

@unpublished{Benthem:wpcasf,
	author = {Benthem, J. van},
	title = {Which Program Constructions are Safe for Bisimulation?},
	note = {Manuscript, University of Amsterdam},
	year = {1993}
}

@unpublished{Benthem:dlatfo,
	author = {Benthem, J. van},
	title = {Dynamic Logic and the Flow of Information},
	note = {Manuscript, University of Amsterdam, to appear with 
        Cambridge University Press},
	year = {1995}
}

@techreport{BenBer:lots, 
      author = {Benthem, J.~van and J.~Bergstra}, 
      title = {Logic of Transition Systems}, 
      institution = {ILLC}, 
      year = {1993}, 
      number = {CT-93-03}
}

@Article{Benthem:mii,
  author = 	 {J. van Benthem},
  title = 	 {Meaning: Interpretation and Inference},
  journal = 	 {Synthese},
  year = 	 {1987},
  OPTkey = 	 {},
  volume = 	 {73},
  OPTnumber = 	 {},
  pages = 	 {451--470},
  OPTmonth = 	 {},
  OPTnote = 	 {},
  OPTannote = 	 {}
}


@TechReport{Benthem:doae,
  author = 	 {J. van Benthem},
  title = 	 {Dynamic Odds and Ends},
  institution =  {ILLC, Amsterdam},
  year = 	 {1998},
  OPTkey = 	 {},
  OPTtype = 	 {},
  OPTnumber = 	 {},
  OPTaddress = 	 {},
  OPTmonth = 	 {},
  OPTnote = 	 {},
  OPTannote = 	 {}
}


@techreport{BenCep:tv,
	author = {Benthem, J. van and G. Cepparello},
	title = {Tarskian Variations; Dynamic Parameters in Classical Semantics},
	institution = {CWI, Amsterdam},
        number = {CS-R9419}, 
	year = {March, 1994}
}

@article{BenEij:tdoi,
	author = {Benthem, J. van and J. van Eijck },
	title = {The Dynamics of Interpretation},
	journal = {Journal of Semantics },
	year = {1982},
	volume = {1},
	number = {1},
	pages = {3--20}
}

@techreport{BenEijFro:cp,
	title = {Changing preferences},
	author = {Benthem, J. van and J. van Eijck and A. Frolova},
	institution = {CWI},
	year = {February 1993},
	number = {CS-R9310}
}

@book{BenMei:lsop,
	title = {Logical Semantics of Programming},
	publisher = {CSLI, Stanford},
	year = {(to appear)},
	author = {J. van Benthem and W. Meijer Viol},
	series = {CSLI Lecture Notes},
	note = {Distributed by University of Chicago Press}
}

@book{BenMeu:holil, 
	year = {1997},
	title = {Handbook of Logic and Language},
	editor = {Benthem, J. van and A. ter Meulen},
	publisher = {Elsevier, Amsterdam}
}

@Book{BenMeu:gqinl,
  editor  = 	"Benthem, J. F. A. K. van  and Meulen, A. ter",
  title   = 	"Generalized Quantifiers in Natural Language",
  publisher = 	"Foris",
  address = 	"Dordrecht",
  year    = 	"1985"
}

@inproceedings{Benshalom:nlgqam,
  author="Ben-Shalom, D.",
  title="Natural language, generalized quantifiers and modal logic",
  editor="Dekker, P. and Stokhof, M.",
  booktitle="Proceedings 9th Amsterdam Colloquium",
  year=1994,
  publisher="ILLC",
  address="Amsterdam",
  pages="113--120"
}


@PhdThesis{Berg:tisod,
  author = 	 {Berg, M.H. van den},
  title = 	 {The Internal Structure of Discourse; The Dynamics 
                  of Nominal Anaphora},
  school = 	 {ILLC},
  year = 	 {1996},
  OPTkey = 	 {},
  OPTtype = 	 {},
  address = 	 {Amsterdam},
  month = 	 {March},
  OPTnote = 	 {},
  OPTannote = 	 {}
}

@InProceedings{Berman:ttsoos,
  author = 	"Berman, S.",
  title = 	"Towards the Semantics of Open Sentences: Wh-phrases and 
		 Indefinites",
  booktitle = 	"Proc. of the Seventh Amsterdam Colloquium",
  year = 	"1990",
  editor = 	"",
  pages = 	"",
  address = 	"",
  month = 	"",
  note = 	""
}

@PhDThesis{Berman:otsalf,
  author = 	"Berman, S.",
  title = 	"On the Semantics and Logical Form of wh-clauses",
  school = 	"University of Massachusetts at Amherst",
  year = 	"1991",
  address = 	"",
  month = 	"",
  note = 	""
}


@techreport{BervBen:lts,
      author = {J. Bergstra and van Benthem, J.},
      title = {Logic of Transition Systems},
      year = {1993},
      institution = {Institute for Logic, Language and Information},
      number = {CT-93-03},
      address = {Amsterdam}
}

@incollection{BerKlo:ptbobs, 
        author = {J. Bergstra and J.W. Klop}, 
        title = {Process Theory Based on Bisimulation Semantics}, 
        booktitle = {Linear Time, Branching Time and Partial Order in Logics and Models of Concurrrency}, 
        editor = {Bakker, J.W. de and W.-P. de Roever and G. Rozenberg}, 
        publisher = {Springer, Berlin}, 
        year = {1989}, 
        pages = {50--122}
}


@phdthesis{Berman:otsalfow,
	author = {S. R. Berman},
	title = {On the Semantics and Logical form of WH-Clauses},
	school = {UMass, Amherst},
	year = {1991}
}

@techreport{BerHes:pbdapp,
	title = {Principle B, {DRT} and Plural Pronouns},
	author = {Berman, S. and Hestvik, A.},
	institution = {IMS Stuttgart, Germany},
	year = {1994},
	type = {to appear in: Arbeitspapiere des Sonderforschungsbereichs 340},
	number = {}
}


@book{Beth:tfom, 
  author = {E.W. Beth}, 
  title = {The Foundations of Mathematics}, 
  publisher = {North Holland}, 
  year = {1959}, 
  address = {Amsterdam} 
} 




@Book{Biemond85:wa,
  author =	 {H. Biemond},
  title = 	 {Woordenboek Automatisering},
  publisher = 	 {Koninklijke {PBNA}},
  year = 	 {1985 (tweede druk)}
}

@Book{Bird:itfpuh,
  author = 	 {R. Bird},
  ALTeditor = 	 {},
  title = 	 {Introduction to Functional Programming Using {H}askell},
  publisher = 	 {Prentice Hall},
  year = 	 {1998},
  OPTkey = 	 {},
  OPTvolume = 	 {},
  OPTnumber = 	 {},
  OPTseries = 	 {},
  OPTaddress = 	 {},
  OPTedition = 	 {},
  OPTmonth = 	 {},
  OPTnote = 	 {},
  OPTannote = 	 {}
}

@Book{BirMoo:aop,
  author = 	 {R. Bird and O. de Moor},
  ALTeditor = 	 {},
  title = 	 {Algebra of Programming},
  publisher = 	 {Prentice Hall},
  year = 	 {1997},
  OPTkey = 	 {},
  OPTvolume = 	 {},
  OPTnumber = 	 {},
  OPTseries = 	 {},
  OPTaddress = 	 {},
  OPTedition = 	 {},
  OPTmonth = 	 {},
  OPTnote = 	 {},
  OPTannote = 	 {}
}

@incollection{Blackburn:mlaavs,
	author = {P. Blackburn},
	title = {Modal Logic and Attibute Value Structures},
	booktitle = {Colloquium on Modal Logic},
	year = {1991},
	publisher = {Dutch Network for Language, Logic and Information},
	editor = {Rijke, M. de},
	pages = {15--40}
}

@unpublished{Blackburn:otplod,
	author = {P. Blackburn},
	title = {On the Propositonal Logic of Dynamic Logic},
	note = {Unpublished manuscript},
	year = {1993}
}



@Article{Blackburn:ild,
  author = 	 {P. Blackburn},
  title = 	 {Internalizing Labelled Deduction},
  journal = 	 {Journal of Logic and Computation},
  year = 	 {2000},
  OPTkey = 	 {},
  volume = 	 {10},
  OPTnumber = 	 {},
  pages = 	 {136--168},
  OPTmonth = 	 {},
  OPTnote = 	 {},
  OPTannote = 	 {}
}

@Article{Blackburn:rrars,
  author = 	 {P. Blackburn},
  title = 	 {Representation, Reasoning, and Relational Structures: 
                  a Hybrid Logic Manifesto},
  journal = 	 {Logic Journal of the {IGPL}},
  year = 	 {2000},
  OPTkey = 	 {},
  volume = 	 {8},
  OPTnumber = 	 {},
  pages = 	 {339--365},
  OPTmonth = 	 {},
  OPTnote = 	 {},
  OPTannote = 	 {}
}

@InProceedings{BlaBurWal:hydr01,
  author =       {P. Blackburn and  A. Burchard and S. Walter},
  title =        {Hydra: a tableaux-based prover for basic hybrid logic},
  booktitle =    {Proceedings of Methods for Modalities 2},
  year =         2001,
  editor =       {C. Areces and M. de Rijke},
  address =      {Amsterdam, The Netherlands},
  month =        {November}
}

@inproceedings{BlaGarMey:tat,
	author = {P. Blackburn and C. Gardent and W. Meyer Viol},
	title = {Talking about Trees},
	booktitle = {Sixth Conference of the European Chapter of the Association for Computational Linguistics --- Proceedings of the Conference},
	year = {1993},
	publisher = {ACL},
	pages = {21--29},
	editor = {S. Krauwer and M. Moortgat and Louis des Tombe}
}

@Unpublished{BlaMar:tfqhlpd,
  author = 	 {P. Blackburn and M. Marx},
  title = 	 {Tableaux for Quantified Hybrid Logic / Preliminary Draft},
  note = 	 {manuscript, INRIA/ILLC},
  OPTkey = 	 {},
  OPTmonth = 	 {},
  year = 	 {2001},
  OPTannote = 	 {}
}

@unpublished{BlaMei:mpsg,
	author = {P. Blackburn and W. Meijer Viol},
	title = {Modal Phrase Structure Grammar},
	note = {Unpublished manuscript},
	year = {1993}
}

@techreport{BlaMey:llaft,
	author = {P. Blackburn and W. Meyer-Viol},
	title = {Linguistics, Logic and Finite Trees},
        institution = {Department of Philosophy, Utrecht University}, 
        number = {103}, 
	note = {to appear in De Rijke, ed.,  
                Advances in Intensional Logic},
	year = {1993}
}

		  
@Book{BlaRij:sss,
  title = 	 "Specifying Syntactic Structure",
  publisher = 	 "{CSLI} and {FoLLI}",
  year = 	 "1997",
  OPTcrossref =  "",
  OPTkey = 	 "",
  editor = 	 "P. Blackburn and M. de Rijke",
  OPTvolume = 	 "",
  OPTnumber = 	 "",
  OPTseries = 	 "",
  OPTaddress = 	 "",
  OPTedition = 	 "",
  OPTmonth = 	 "",
  OPTnote = 	 "",
  OPTannote = 	 ""
}

@incollection{Blamey:pl, 
   author = {S. Blamey}, 
   title = {Partial Logic}, 
   booktitle = {Handbook of Philosophical Logic, volume {III}},
   year = {1986},
   publisher = {Reidel, Dordrecht},
   editor = {D. Gabbay and F. Guenthner},
   pages = {1--70},
   address = {Dordrecht}
}


@article{BlaSel:hybr95,
   author = {Blackburn, P. and Seligman, J.},
   title = {Hybrid Languages},
   journal = {Journal of Logic, Language and Information},
   volume = 4,
   pages = {251--272},
   year = 1995,
} 

@InCollection{BlaSel:what98,
  author = {Blackburn, P. and Seligman, J.},
  title = {What are hybrid languages?},
  booktitle = {Advances in Modal Logic},
  volume = {1},
  editor = {Kracht, M. and {de} Rijke, M. and Wansing,
            H. and Zakharyaschev, M.},
  pages = {41--62},
  publisher = {CSLI Publications},
  address = {Stanford University}, year = {1998}
} 

@article{BlaSpa:ampotc,
	author = {P. Blackburn and E. Spaan},
	title = {A Modal Perspective on the Computational Complexity of Attribute Value Grammar},
	journal = {Journal of Logic, Language, and Information},
	year = {1993},
        volume = {2}, 
        pages = {129--169}
}

@inproceedings{BlaSpa:otcogc,
	author = {P. Blackburn and E. Spaan},
	title = {On the Complexity of General Constraints in Feature Logic},
	booktitle = {Sixth Conference of the European Chapter of the Association for Computational Linguistics --- Proceedings of the Conference},
	year = {1993},
	publisher = {ACL},
	pages = {30--36},
	editor = {S. Krauwer and M. Moortgat and Louis des Tombe}
}

@incollection{BlaGarRij:baftta, 
        title = {Back and Forth Through Time and Events}, 
        author = {P. Blackburn and C. Gardent and M. de Rijke}, 
        booktitle = {Proceedings 9th Amsterdam Colloquium}, 
        editor = {P. Dekker and M. Stokhof}, 
        pages = {161--174},
        publisher = {ILLC, Amsterdam}, 
	year = {1994}
}

@unpublished{BlaJasRij:lotc, 
     author = {P. Blackburn and J. Jaspars and M. de Rijke}, 
     title = {Logics of Theory Change}, 
     note = {Unpublished Lecture Notes, Amsterdam}, 
     year = {1995}
}

@techreport{BlaRij:zizo, 
        author = {P. Blackburn and M. de Rijke},
        title = {Zooming in, zooming out}, 
        institution = {CWI}, 
        year = {to appear}
}

@unpublished{BlaRijSel:mlwm, 
        author = {P. Blackburn and M. de Rijke and J. Seligman}, 
        title = {Modal logics with memory}, 
        note = {Unpublished manuscript, CWI Amsterdam}, 
        year = {1994}
}



@Book{BlaRijVen:ml,
  author = 	 {P. Blackburn and M. de Rijke and Y. Venema},
  ALTeditor = 	 {},
  title = 	 {Modal Logic},
  publisher = 	 {Cambridge University Press},
  year = 	 {2001},
  OPTkey = 	 {},
  OPTvolume = 	 {},
  OPTnumber = 	 {},
  series = 	 {Cambridge Tracts in Theoretical Computer Science},
  OPTaddress = 	 {},
  OPTedition = 	 {},
  OPTmonth = 	 {},
  OPTnote = 	 {},
  OPTannote = 	 {}
}

@unpublished{BlaMeyRij:apsfra,
	title = {A Proof System for Reasoning About Constituent 
                 Structures}, 
	author = {P. Blackburn and  W. Meyer Viol and M. de Rijke},
        note = {manuscript, CWI, Amsterdam}, 
	year = {1994}
}

@article{BlaVen:ds,
	title = {Dynamic Squares},
	author = {P. Blackburn and Y. Venema},
	journal= {Journal of Philosophical Logic}, 
	year = {1995}, 
        volume = {24}, 
        pages = {469--523}
}



@Book{Boole1845:lt,
  author =	 {G. Boole},
  title = 	 {An investigation of the laws of thought, 
                  on which are founded the mathematical theories of logic and probabilities},
  publisher = 	 {Dover},
  year = 	 {1854 (first edition)},
  edition =	 {Dover (reprint)}
}

@article{Boolos:na,
	author =	"Boolos, G.",
	year =		1984,
	title = 	"Nonfirstorderizability Again",
	journal = 	"Linguistic Inquiry",
	volume = 	15,
	page =		343
}

@InProceedings{BleEij:eac, 
  author = 	 {Annette Bleeker and Jan van Eijck},
  title = 	 {Epistemic Action and Change},
  booktitle = 	 {LOFT-4 Proceedings},
  OPTcrossref =  {},
  OPTkey = 	 {},
  OPTpages = 	 {},
  year = 	 {2000},
  editor = 	 {G. Bonanno and E. Colombatto and W. van der Hoek},
  OPTvolume = 	 {},
  OPTnumber = 	 {},
  OPTseries = 	 {},
  address = 	 {Torino},
  month = 	 {June},
  OPTorganization = {},
  OPTpublisher = {}, 
  note = 	 {24 pp},
  OPTannote = 	 {}
}

@Unpublished{BleEij:eac, 
   author =       {Annette Bleeker and Jan van Eijck}, 
   title =        {Epistemic Action and Change}, 
   note =         {Presented at LOFT4}, 
   OPTkey =       {}, 
   OPTmonth =     {}, 
   year =         {2000}, 
   annote =       {24 pp} 
} 

@techreport{BleEij:teoe,
  author = 	 {A. Bleeker and J. van Eijck},
  title = 	 {The Epistemics of Encryption},
  note = 	 {also appeared as an ILLC report},
  institution =  {CWI},
  number =       {INS-R0019},
  month = 	 {September},
  year = 	 {2000},
  OPTannote = 	 {}
}

@InProceedings{BoeEij:dnlfos,
  author = 	 {F.S. de Boer and R. van Eijk},
  title = 	 {Decidable Navigation Logics for Object Structures},
  booktitle = 	 {Proceedings of {CSL01}},
  OPTcrossref =  {},
  OPTkey = 	 {},
  OPTpages = 	 {},
  year = 	 {2001},
  OPTeditor = 	 {},
  OPTvolume = 	 {},
  OPTnumber = 	 {},
  series = 	 {LNCS},
  OPTaddress = 	 {},
  OPTmonth = 	 {},
  OPTorganization = {},
  publisher = {Springer},
  OPTnote = 	 {},
  OPTannote = 	 {}
}

@InProceedings{BoePie:CASAV,
  author = 	 {F.S. de Boer and C. Pierik},
  title = 	 {Computer-aided specification and verification 
                  of annotated object-oriented programs},
  booktitle = 	 {Proceedings of Formal Methods for 
                  Open Object-based Distributed Systems (FMOODS)},
  OPTcrossref =  {},
  OPTkey = 	 {},
  OPTpages = 	 {},
  year = 	 {2002},
  OPTeditor = 	 {},
  OPTvolume = 	 {},
  OPTnumber = 	 {},
  OPTseries = 	 {},
  OPTaddress = 	 {},
  OPTmonth = 	 {},
  OPTorganization = {},
  publisher = {Kluwer},
  note = 	 {Available from \url{http://www.cs.uu.nl/~cees/vft/}},
  OPTannote = 	 {}
}


@article{Boolos:tbitba,
	author =	"Boolos, G.",
	year =		1984,
	title = 	"To Be Is to Be a Value Variable (or 
			to Be Some Values of Some Variables)",
	journal = 	"Journal of Philosophy",
	volume = 	81,
	pages = 	"430--449"
}


@article{Borghuis:rakoo,
	author = {T. Borghuis},
	title = {Reasoning about knowledge of others},
	journal = {Think; ITK Quarterly},
	year = {1992},
	volume = {1},
	pages = {31--36}
}




@InProceedings{BosGab,
  author = 	 {J. Bos and M. Gabsdil},
  title = 	 {First-Order Inference and the Interpretation 
                  of Questions and Answers},
  booktitle = 	 {Proceedings of Goetalog 2000},
  OPTcrossref =  {},
  OPTkey = 	 {},
  pages = 	 {43--50},
  year = 	 {2000},
  editor = 	 {M. Poesio and D. Traum},
  OPTvolume = 	 {},
  number = 	 {00-5},
  series = 	 {Gothenburg Papers in Computational Linguistics},
  OPTaddress = 	 {},
  OPTmonth = 	 {},
  OPTorganization = {},
  OPTpublisher = {},
  OPTnote = 	 {},
  OPTannote = 	 {}
}


@Book{BlaBos:raifnl,
  author = 	 {P. Blackburn and J. Bos},
  ALTeditor = 	 {},
  title = 	 {Representation and Inference for Natural Language; 
                  A First Course in Computational Semantics --- Two Volumes},
  publisher = 	 {Internet},
  year = 	 {1999},
  OPTkey = 	 {},
  OPTvolume = 	 {},
  OPTnumber = 	 {},
  OPTseries = 	 {},
  OPTaddress = 	 {},
  OPTedition = 	 {},
  OPTmonth = 	 {},
  note = 	 {Electronically available from 
  \verb^http://www.coli.uni-sb.de/~bos/comsem/^},
  OPTannote = 	 {}
}

@InProceedings{BlaBosKohNiv:iacs,
  author = 	 {P. Blackburn and J. Bos and M. Kohlhase and H. de Nivelle},
  title = 	 {Inference and Computational Semantics},
  booktitle = 	 {Proceedings of {IWCS-3}},
  OPTcrossref =  {},
  OPTkey = 	 {},
  OPTpages = 	 {},
  OPTyear = 	 {},
  OPTeditor = 	 {},
  OPTvolume = 	 {},
  OPTnumber = 	 {},
  OPTseries = 	 {},
  address = 	 {Tilburg},
  OPTmonth = 	 {},
  OPTorganization = {},
  OPTpublisher = {},
  OPTnote = 	 {},
  OPTannote = 	 {}
}

@mastersthesis{Bos:veapia,
	author = {Bos, J.},
	title = {VP ellipsis and presupposition in an implementation of discourse representation theory},
	school = {Univ. of Groningen},
	year = {1993}
}

@inproceedings{BosMasGla:acdffn,
        author = {J. Bos and E. Mastenbroek and S. McGlashan and
		  S. Millies and M. Pinkal}, 
        title = {A compositional {DRS}-based formalism for
		  {NLP}-applications}, 
        booktitle = {Proceedings of the International Workshop on
		  Computational Linguistics}, 
        publisher = {University of Tilburg}, 
        pages = {21--31}, 
        year = {1994}
}

@inproceedings{BouEijIst:asfdi,
	author = {O. Bouchez and J. van Eijck and O. Istace},
	title = {A strategy for dynamic interpretation: a fragment and an implementation},
	booktitle = {Sixth Conference of the European Chapter of the Association for Computational Linguistics --- Proceedings of the Conference},
	year = {1993},
	publisher = {ACL},
	pages = {61--70},
	editor = {S. Krauwer and M. Moortgat and Louis des Tombe}
}

@phdthesis{Bouma:cug,
	author = {G. Bouma},
	title = {Categorial Unification Grammar},
	school = {University of Groningen},
	year = {199?}
}

@Article{BraSch:aootkkrs,
  author = 	 "R.J. Brachman and J.G. Schmolze",
  title = 	 {An overview of the \mbox{KL-ONE} knowledge
		  representation system},
  journal = 	 "Cognitive Science",
  year = 	 "1985",
  volume = 	 "9",
  pages = 	 "285--309"
}

@Article{Brandt:ptwtmm,
  author = 	 {D. Brandt},
  title = 	 {Proving Theorems with the Modification Method},
  journal = 	 {{SIAM} Journal on Computing},
  year = 	 {1975},
  OPTkey = 	 {},
  volume = 	 {4},
  OPTnumber = 	 {},
  pages = 	 {412--430},
  OPTmonth = 	 {},
  OPTnote = 	 {},
  OPTannote = 	 {}
}



@Book{BraSte84:tipd,
  author =	 {J.D. Bransford and B.S. Stein},
  title = 	 {The Ideal Problem Solver: 
                  A Guide for Improving Thinking, Learning, and Creativity},
  publisher = 	 {W.H. Freeman},
  year = 	 1984,
  note =	 {A {S}cientific {A}merican Special}
}

@Book{Bratko:ppfai,
  author = 	 {I. Bratko},
  ALTeditor = 	 {},
  title = 	 {Prolog Programming for Artificial Intelligence 
                  (3rd edition)},
  publisher = 	 {Addison Wesley},
  year = 	 {2001},
  OPTkey = 	 {},
  OPTvolume = 	 {},
  OPTnumber = 	 {},
  OPTseries = 	 {},
  OPTaddress = 	 {},
  OPTedition = 	 {},
  OPTmonth = 	 {},
  OPTnote = 	 {},
  OPTannote = 	 {}
}

@Article{BraSch:aootkkrs,
  author = 	 "R.J. Brachman and J.G. Schmolze",
  title = 	 {An overview of the \mbox{KL-ONE} knowledge
		  representation system},
  journal = 	 "Cognitive Science",
  year = 	 "1985",
  volume = 	 "9",
  pages = 	 "285--309"
}


@article{Bresnan:cdacot,
	author = {Bresnan, J.},
	title = {Comparative Deletion and Constraints on Transformations},
	journal = {Linguistic Analysis},
	year = {1975},
	volume = {1},
	number = {1},
	pages = {25-74}
}

@article{Bresnan:sotcci,
	author = {Bresnan, J.},
	title = {Syntax of the Comparative Construction in English},
	journal = {Linguistic Inquiry},
	year = {1973},
	volume = {4},
	number = {3},
	pages = {275-345}
}






@Article{BreKapPetZae82:csdid,
  author = 	 {J. Bresnan and R.M. Kaplan and S. Peters and A. Zaenen},
  title = 	 {Cross-serial Dependencies in {D}utch},
  journal = 	 {Linguistic Inquiry},
  year = 	 {1982},
  OPTkey = 	 {},
  OPTvolume = 	 {13},
  OPTnumber = 	 {4},
  OPTpages = 	 {},
  OPTmonth = 	 {},
  OPTnote = 	 {},
  OPTannote = 	 {}
}

@Book{Brewka:nrlfoc,
  author = 	 "G. Brewka",
  title = 	 "Nonmonotonic Reasoning: Logical Foundations of Commonsense",
  publisher = 	 "Cambridge University Press",
  year = 	 "1991",
  OPTcrossref =  "",
  OPTkey = 	 "",
  OPTeditor = 	 "",
  OPTvolume = 	 "",
  OPTnumber = 	 "",
  series = 	 "Cambridge Tracts in Theoretical Computer Science",
  OPTaddress = 	 "",
  OPTedition = 	 "",
  OPTmonth = 	 "",
  OPTnote = 	 "",
  OPTannote = 	 ""
}

@book{Brown:tfpiai, 
        editor = {F.~Brown}, 
        title = {The Frame Problem in Artificial Intelligence}, 
        publisher = {Morgan Kaufmann, Los Altos, Cal}, 
        year = {1987}
}

@incollection{Bruijn:asotpa,
	author = {de Bruijn, N.G.},
	title = {A Survey of the Project {AUTOMATH}},
	booktitle = {To H.B. Curry: Essays on Combinatory Logic, Lambda Calculus and Formalism},
	year = {1980},
	publisher = {Academic Press, London},
	editor = {J.R. Hindley and J.P. Seldin},
	pages = {579--606}
}

@Book{Bryant:yaita,
  author = 	 {V. Bryant},
  ALTeditor = 	 {},
  title = 	 {Yet another introduction to analysis},
  publisher = 	 {Cambridge University Press},
  year = 	 {1993},
  OPTkey = 	 {},
  OPTvolume = 	 {},
  OPTnumber = 	 {},
  OPTseries = 	 {},
  OPTaddress = 	 {},
  OPTedition = 	 {},
  OPTmonth = 	 {},
  OPTnote = 	 {},
  OPTannote = 	 {}
}

@incollection{BulSeg:bml,
	author = {R. Bull and K. Segerberg},
	title = {Basic Modal Logic},
	booktitle = {Handbook of Philosophical Logic, volume II},
	year = {1984},
	publisher = {Reidel, Dordrecht},
	editor = {D. Gabbay and F. Guenthner},
	pages = {1--88},
	place = {Dordrecht}
}

@book{Bunt:mtamts,
	title = {Mass Terms and Model Theoretic Semantics},
	publisher = {Cambridge University Press, Cambridge},
	year = {1985},
	author = {Bunt, H.}
}

@Book{Burris:lfmacs, 
  author = 	 {Burris, Stanley N.},
  ALTeditor = 	 {},
  title = 	 {Logic for Mathematics and Computer Science},
  publisher = 	 {Prentice Hall},
  year = 	 {1998},
  OPTkey = 	 {},
  OPTvolume = 	 {},
  OPTnumber = 	 {},
  OPTseries = 	 {},
  OPTaddress = 	 {},
  OPTedition = 	 {},
  OPTmonth = 	 {},
  OPTnote = 	 {},
  OPTannote = 	 {}
}

%C 

@Unpublished{calculemus,
  author = 	 {NN},
  title = 	 {The Calculemus Project},
  note = 	 {\verb+http://www.ags.uni-sb.de/projects/deduktion/+},
  OPTkey = 	 {},
  OPTmonth = 	 {},
  OPTyear = 	 {},
  OPTannote = 	 {}
}

@incollection{Carlson:nkacn,
	author = {Carlson, G.N.},
	title = {Natural Kinds and Common Nouns},
	booktitle = {Semantik (HSK)},
	year = {1991},
	publisher = {Walter de Gruyter, Berlin},
	editor = {von Stechow, A. and Wunderlich, D.},
	pages = {370-398},
	address = {Berlin}
}

@phdthesis{Carlson:rtkie, 
       author = {Carlson, G.N.},
       title = {Reference to Kinds in English}, 
       school = {University of California}, 
       year = {1977}
} 

@book{Carnap:man,
	title = {Meaning and Necessity},
	publisher = {University of Chicago Press, Chicago},
	year = {1947},
	author = {R. Carnap}
}



@Book{CarPel:tgb,
  title = 	 "The Generic Book",
  publisher = 	 "Chicago University Press",
  year = 	 "1995",
  OPTcrossref =  "",
  OPTkey = 	 "",
  editor = 	 "G.N. Carlson and F.J. Pelletier",
  OPTvolume = 	 "",
  OPTnumber = 	 "",
  OPTseries = 	 "",
  address = 	 "Chicago and London",
  OPTedition = 	 "",
  OPTmonth = 	 "",
  OPTnote = 	 "",
  OPTannote = 	 ""
}

@book{Carpenter:tlotfs,
	title = {The Logic of Typed Feature Structures},
	publisher = {Cambridge University Press, Cambridge},
	year = {1992},
	author = {B. Carpenter}
}

@incollection{Carpenter:sacduw,
        author = {B. Carpenter},
        title = {Skeptical and Credulous Default Unification with Applications
                 to Templates and Inheritance},
        booktitle = {Inheritance, Defaults and the Lexicon},
        editor = {E. Briscoe and V. de Paiva and A. Copestake},
        publisher = {Cambridge University Press},
        year = {1993},
        pages = {13--37}
}

@article{Castellani:baah,
	author = {I. Castellani},
	title = {Bisimulations and Abstraction Homomorphisms},
	journal = {Journal of Computer and System Sciences},
	year = {1987},
	volume = {34},
	pages = {210--235}
}

@inproceedings{CatEijHeg01:eedpl,
  author =       {Cate, B. ten and J. van Eijck and J. Heguiabehere},
  title =        {Expressivity of Extensions of Dynamic Predicate Logic},
  booktitle =    {Proceedings of the Thirteenth Amsterdam Colloquium, December
                  17--19, 2001},
  editor =       {R. van Rooy and M. Stokhof},
  pages =        {61--66},
  year =         2001,
  annote =       {refereed}
}



@PhdThesis{Cepparello:sidl,
  author = 	 {G. Cepparello},
  title = 	 {Studies in Dynamic Logic},
  school = 	 {Scuola Normale Superiore},
  year = 	 {1995},
  OPTkey = 	 {},
  OPTtype = 	 {},
  address = 	 {Pisa},
  month = 	 {July},
  OPTnote = 	 {},
  
OPTannote = 	 {}
}

@phdthesis{Chao:oe,
	author = {Chao, W.},
	title = {On Ellipsis},
	school = {University of Massachusetts},
	year = {1987}
}

@book{ChaKei:mt,
	title = {Model Theory},
	publisher = {North-Holland, Amsterdam},
	year = {1973},
	author = {C.C. Chang and H.J. Keisler}
}

@Book{ChaLee:slamtp,
  author = 	 {C. Chang and R. Lee},
  ALTeditor = 	 {},
  title = 	 {Symbolic Logic and Mechanical Theorem Proving},
  publisher = 	 {Academic Press},
  year = 	 {1973},
  OPTkey = 	 {},
  OPTvolume = 	 {},
  OPTnumber = 	 {},
  OPTseries = 	 {},
  OPTaddress = 	 {},
  OPTedition = 	 {},
  OPTmonth = 	 {},
  OPTnote = 	 {},
  OPTannote = 	 {}
}

@book{Chellas:ml, 
   author = {B.F. Chellas}, 
   title = {Modal Logic: An Introduction}, 
   publisher = {Cambridge University Press}, 
   year = {1980}
}

@phdthesis{Chierchia:titsoi,
	author =	"Chierchia, G.",
	year =		1984,
	title =		"Topics in the Semantics of Infinitives and Gerunds",
	school =	"University of Massachusetts",
	address =	"Amherst"
}

@unpublished{Chierchia:iaccta,
	author =	"Chierchia, G.",
	year =		1991,
	title =		"Intensionality and Context Change,
			Towards a Dynamic Thoery of Propositions and
			Properties",
	note =		"m.s. Cornell University"
}


@article{Chierchia:aadb,
	author = {Chierchia, G.},
	title = {Anaphora and Dynamic Binding},
	journal = {Linguistics and Philosophy},
	year = {1992},
	volume = {15},
	number = {2},
	pages = {111--183}
}

@Article{Chierchia:qwq,
  author = 	"Chierchia, G.",
  title = 	"Questions with Quantifiers",
  journal = 	"Natural Language Semantics",
  year = 	"1993",
  volume = 	"1",
  number = 	"",
  pages = 	"181--234",
  note = 	""
}

@article{ChiTur:sapt,
	author = {G. Chierchia and R. Turner},
	title = {Semantics and Property Theory},
	journal = {Linguistics and Philosophy},
	year = {1988},
	volume = {11},
	pages = {261--302}
}

@techreport{Christ:txum,
        title = {The {\sc Xkwic} User Manual},
        author = {O. Christ},
        institution = {IMS, Universit\"{a}t Stuttgart, Germany},
        year = {1993},
        number = {}
}

@Book{Chomsky:logab,
  author = 	 {N. Chomsky},
  ALTeditor = 	 {},
  title = 	 {Lectures on Government and Binding},
  publisher = 	 {Foris},
  year = 	 {1981},
  OPTkey = 	 {},
  OPTvolume = 	 {},
  OPTnumber = 	 {},
  OPTseries = 	 {},
  address = 	 {Dordrecht},
  OPTedition = 	 {},
  OPTmonth = 	 {},
  OPTnote = 	 {},
  OPTannote = 	 {}
}



@Book{Chomsky:ampflt,
  author = 	 {N. Chomsky},
  ALTeditor = 	 {},
  title = 	 {A minimalist program for linguistic theory},
  publisher = 	 {MIT Press},
  year = 	 {1992},
  OPTkey = 	 {},
  OPTvolume = 	 {},
  OPTnumber = 	 {},
  OPTseries = 	 {},
  OPTaddress = 	 {},
  OPTedition = 	 {},
  OPTmonth = 	 {},
  OPTnote = 	 {},
  OPTannote = 	 {}
}

@Article{Chomsky:tmftd,
  author = 	 {N. Chomsky},
  title = 	 {Three Models for the Description of Language},
  journal = 	 {{IRE} Transactions on Information Theory},
  year = 	 {1956},
  OPTkey = 	 {},
  volume = 	 {2},
  number = 	 {3},
  pages = 	 {113-124},
  OPTmonth = 	 {},
  OPTnote = 	 {},
  OPTannote = 	 {}
}


@InProceedings{ClaEme81:soss,
  author = 	 {E.E. Clarke and E.A. Emerson},
  title = 	 {Synthesis of synchronisation skeletons for branching time temporal logic},
  booktitle = 	 {Logic of Programs Workshop},
  year =	 1981,
  editor =	 {D. Kozen},
  number =	 131,
  series =	 {LNCS},
  publisher =	 {Springer}
}



@InProceedings{ClaGruLon93:vtffscs,
  author = 	 {E.M. Clarke and O. Grumberg and D. Long},
  title = 	 {Verification tools for finite-state concurrent systems},
  booktitle = 	 {A Decade of Concurrency},
  pages =	 {124--175},
  year =	 1993,
  number =	 803,
  series =	 {LNCS},
  publisher =	 {Springer}
}


@InProceedings{ClaKur:cfq,
  author = 	 {R. Clark and N. Kurtonina},
  title = 	 {Consequences from Quine},
  booktitle = 	 {Proceedings of the Twelfth {A}msterdam Colloquium},
  OPTcrossref =  {},
  OPTkey = 	 {},
  pages = 	 {91--95},
  year = 	 {1999},
  editor = 	 {P. Dekker},
  OPTvolume = 	 {},
  OPTnumber = 	 {},
  OPTseries = 	 {},
  OPTaddress = 	 {},
  OPTmonth = 	 {},
  organization = {ILLC, University of Amsterdam},
  OPTpublisher = {},
  OPTnote = 	 {},
  OPTannote = 	 {}
}

@Article{Chomsky:ocfpog,
  author = 	 {N. Chomsky},
  title = 	 {On Certain Formal Properties of Grammars},
  journal = 	 {Information and Control},
  year = 	 {1959},
  OPTkey = 	 {},
  volume = 	 {2},
  number = 	 {2},
  pages = 	 {137--167},
  OPTmonth = 	 {},
  OPTnote = 	 {},
  OPTannote = 	 {}
}

@Unpublished{clean,
  author = 	 {NN},
  title = 	 {The Concurrent {C}lean System},
  note = 	 {\verb+http://www.cs.kun.nl/csi/projects/803-07.html+},
  OPTkey = 	 {},
  OPTmonth = 	 {},
  OPTyear = 	 {},
  OPTannote = 	 {}
}

@phdthesis{Cocchiarella:taml,
	author = {Cocchiarella, N.B.},
	title = {Tense and Modal Logic},
	school = {UCLA??},
	year = {1965}
}

@Book{Cohen:emfai,
   author =	 {P. Cohen},
   title = 	 {Empirical Methods for Artificial Intelligence},
   publisher = 	 {MIT Press},
   year = 	 {1995}
 }

@article{CohLev:iicwc,
      author = {P. Cohen and H. Levesque},
      title = {Intention is Choice with Commitment},
      journal = {Artificial Intelligence},
      year = {1990},
      volume = {42},
      pages = {213--261}
}

@book{Cohn:ua,
	title = {Universal Algebra},
	publisher = {Reidel, Dordrecht},
	year = {1981 (revised edition)},
	author = {P.M. Cohn}
}

@Unpublished{compulog,
  author = 	 {NN},
  title = 	 {Compulog {N}et home page},
  note = 	 {\verb+http://www.compulog.org/+},
  OPTkey = 	 {},
  OPTmonth = 	 {},
  OPTyear = 	 {},
  OPTannote = 	 {}
}

@book{Comrie:t,
	title = {Tense},
	publisher = {Cambridge University Press, Cambridge},
	year = {1985},
	author = {Comrie, B.}
}


@Misc{ConwayDoyle:dbt,
  OPTkey = 	 {},
  author = 	 {J. Conway and P. Doyle},
  title = 	 {Division by three},
  howpublished = {\url{http://www.math.dartmouth.edu/~doyle/docs/three/three.pdf}},
  OPTmonth = 	 {},
  year = 	 {1994},
  OPTnote = 	 {},
  OPTannote = 	 {}
}

@Book{ConGuy:tbon,
  author = 	 {J.H. Conway and R.K. Guy},
  ALTeditor = 	 {},
  title = 	 {The Book of Numbers},
  publisher = 	 {Springer},
  year = 	 {1996},
  OPTkey = 	 {},
  OPTvolume = 	 {},
  OPTnumber = 	 {},
  OPTseries = 	 {},
  OPTaddress = 	 {},
  OPTedition = 	 {},
  OPTmonth = 	 {},
  OPTnote = 	 {},
  OPTannote = 	 {}
}

@Article{Cook:sacoaa,
  author = 	 {S.A. Cook},
  title = 	 {Soundness and Completeness of an Axiom System 
                  for Program Verification},
  journal = 	 {{SIAM} Journal of Computing},
  year = 	 {1978},
  OPTkey = 	 {},
  volume = 	 {7},
  number = 	 {1},
  pages = 	 {70--90},
  OPTmonth = 	 {},
  OPTnote = 	 {},
  OPTannote = 	 {}
}

@incollection{Cooper:tiop,
        author = {R. Cooper},
        title = {The Intepretation of Pronouns},
        booktitle = {Syntax \& Semantics, vol 10},
        editors = {F. Heny and H. Schnelle},
        publisher = {Academic Press},
        year = {1979},
        pages = {61--92}
}



@PhdThesis{Cooper:mstats,
  author = 	 {R. Cooper},
  title = 	 {Montague's Semantic Theory and Transformational Syntax},
  school = 	 {University of Massachusetts at Amherst},
  year = 	 {1975},
  OPTkey = 	 {},
  OPTtype = 	 {},
  OPTaddress = 	 {},
  OPTmonth = 	 {},
  OPTnote = 	 {},
  OPTannote = 	 {}
}

@book{Cooper:qast,
	title = {Quantification and Syntactic Theory},
	publisher = {Reidel, Dordrecht},
	year = {1983},
	author = {Cooper, R.},
	address = {Dordrecht}
}

@TechReport{Cooper:aciss,    
  author = 	"Cooper, R.",
  title = 	"Aspectual Classes in Situation Semantics",
  institution = "CSLI",
  year = 	"1985",
  type = 	"",
  number = 	"CSLI-84-14C",
  address = 	"Stanford, CA",
  month = 	"",
  note = 	"",
  topics =	"natural language semantics tense aspect"
}

@InCollection{Cooper:gqars,
  author = 	"Cooper, R.",
  title = 	"Generalised Quantifiers and Resource Situations",
  booktitle = 	"Situation Theory and its Applications, v.3",
  publisher = 	"CSLI and University of Chicago",
  year = 	"1993",
  editor = 	"Aczel, P. and Israel, D. and Katagiri, Y. and Peters, S.",
  chapter = 	"8",
  pages = 	"191--212",
  address = 	"Stanford",
  month = 	"",
  note = 	"",
  topics =	"natural language semantics quantification generics
		 resource situations situation theory"
}

@Unpublished{CooGin:acssfa,   
  author = 	"Cooper, R. and Ginzburg, J.",
  title = 	"A Compositional Situation Semantics for Attitude Reports",
  note = 	"To appear",
  month = 	"",
  year = 	"1994"
}

@Book{CouRob:wim,
  author = 	 {R. Courant and H. Robbins},
  title = 	 {What is Mathematics? An Elementary Approach to 
                  Ideas and Methods},
  publisher = 	 {Oxford University Press},
  year = 	 {1978},
  address = 	 {Oxford},
  annote = 	 {First edition: 1941}
}

@Book{CouRob:wim2,
  author = 	 {R. Courant and H. Robbins (revised by I. Stewart)},
  title = 	 {What is Mathematics? An Elementary Approach to 
                  Ideas and Methods (Second Edition)},
  publisher = 	 {Oxford University Press},
  year = 	 {1996},
  address = 	 {Oxford}
}

@inproceedings{CoxPie:cfe, 
     author = {P.T. Cox and T. Pietrzykowski}, 
     title = {Causes for Events: their computation and application}, 
     booktitle = {Proceedings 8th International Conference on
		  Automated Deduction, {CADE}'86}, 
     year = {1992}, 
     pages = {608--621}
}
 
@incollection{Cresswell:isalw,
	author = {Cresswell, M.J.},
	title = {Interval Semantics and Logical Words},
	booktitle = {On the Logical Analysis of Tense and Aspect},
	year = {1977},
	publisher = {Narr},
	editor = {Rohrer, C.},
	pages = {7--29},
	address = {Tubingen}
}



@Book{Craats:djt,
  author =	 {Craats, Jan van de},
  title = 	 {De juiste toon},
  publisher = 	 {Epsilon uitgaven},
  year = 	 2003,
  series =	 {Zebra-reeks}
}

@Book{Craats:dfve,
  author = 	 {Craats, Jan van de},
  ALTeditor = 	 {},
  title = 	 {De fis van {E}uler},
  publisher = 	 {Aramith},
  year = 	 {1989},
  OPTkey = 	 {},
  OPTvolume = 	 {},
  OPTnumber = 	 {},
  OPTseries = 	 {},
  OPTaddress = 	 {},
  OPTedition = 	 {},
  OPTmonth = 	 {},
  OPTnote = 	 {},
  OPTannote = 	 {}
}

@Book{Cresswell:lal,
  author = 	 {Cresswell, M.J.},
  ALTeditor = 	 {},
  title = 	 {Logics and Languages},
  publisher = 	 {Methuen},
  year = 	 {1973},
  address = 	 {London}
}

@incollection{Cresswell:tsod,
	author = {Cresswell, M.J.},
	title = {The semantics of degree},
	booktitle = {Montague Grammar},
	year = {1976},
	publisher = {Academic Press, New York},
	editor = {Partee, B.},
	pages = {261-292},
	address = {New York}
}

@Book{Cresswell:sm,    
  author =	"Cresswell, M. J.",
  title	= 	"Structured Meanings",
  publisher = 	"Kluwer",
  address = 	"Hingham, MA",
  year 	= 	1987,
  topics  = 	"natural language semantics propositional attitudes 
                 possible worlds semantics",
  where =	"HAVE"
}

%D 

@techreport{Dahl:oscsi,
	title = {On so called `sloppy identity'},
	author = {Dahl, \S O.},
	institution = {University of Gothenburg, Gothenburg},
	year = {1972},
	type = {Gothenburg Papers in Theoretical Linguistics},
	number = {12}
}

@book{Dalen:las, 
	author = {Dalen, D. van},
	title = {Logic and Structure (Second Edition)}, 
	year = {1983},
	publisher = {Springer, Berlin}
}

@techreport{Dalrymple:arie, 
        author = {M. Dalrymple}, 
        title = {Against Reconstruction in Ellipsis}, 
        institution = {Xerox PARC, Palo Alto, CA}, 
        year = {1991}
}

@inproceedings{Dalrymple:csflfg,
        author = {M. Dalrymple},
        title = {Categorial Semantics for LFG},
        booktitle = {Proceedings 15th International Conference on
                     Computational Linguistics (COLING)},
        pages = {212--218},
        year = {1992}
}

@article{DalShiPer:eahu,
	author = {Dalrymple, M. and Shieber, S.M. and Pereira, F.C.N.},
	title = {Ellipsis and Higher-Order Unification},
	journal = {Lingustics and Philosophy},
	year = {1991},
	volume = {14},
	pages = {399-452}
}

@InProceedings{DamMil:ptsffp,
  author = 	 {L. Damas and R. Milner},
  title = 	 {Principal Type Schemes for Functional Programming},
  booktitle = 	 {9th Symposium on Principles of Programming Languages},
  OPTcrossref =  {},
  OPTkey = 	 {},
  OPTpages = 	 {},
  year = 	 {1982},
  OPTeditor = 	 {},
  OPTvolume = 	 {},
  OPTnumber = 	 {},
  OPTseries = 	 {},
  OPTaddress = 	 {},
  OPTmonth = 	 {},
  OPTorganization = {},
  OPTpublisher = {},
  OPTnote = 	 {},
  OPTannote = 	 {}
}

@incollection{Davidson:tlfoas,
	author = {Davidson, D.},
	title = {The Logical Form of Action Sentences},
	booktitle = {The Logic of Decision and Action},
	year = {1967},
	publisher = {The University Press},
	editor = {Rescher, N.},
	pages = {81--95},
	address = {Pittsburgh}
}

@inproceedings{Davies:taftor,
	author =	"Davies, Nick",
	year =		1990,
	title =		"Towards a First-order Theory of Reasoning Agents",
	booktitle =	"Proceedings of the European Conference on 
			Artificial Intelligence (ECAI-90)"
}

@booklet{Davila:cttanl,
	author =	"Davila-Perez, Rogelio",
	year =		1994,
	month =		"May",
	title =		"Constructive Type Theory and Natural Language",
	note =		"Computer Science Memorandum 206, University
		  of Essex"
}

@book{DavPri:itlao,
	title = {Introduction to Lattices and Order},
	publisher = {Cambridge University Press, Cambridge},
	year = {1990},
	author = {B.A. Davey and H.A. Priestley}
}

@book{DavPri:itlao2,
	title = {Introduction to Lattices and Order (Second Edition)},
	publisher = {Cambridge University Press, Cambridge},
	year = {2002},
	author = {B.A. Davey and H.A. Priestley},
        note = {First edition: 1990}
}



@Article{DavLogLov62:ampftp,
  author = 	 {Davis, M. and Logemann, G. and Loveland, D.},
  title = 	 {A machine program for theorem proving},
  journal = 	 {Communications of the {ACM}},
  year = 	 1962,
  volume =	 5,
  number =	 7,
  pages =	 {394--397}
}


@Article{DavPut60:acpfqt,
  author = 	 {Davis, M. and Putnam, H.},
  title = 	 {A computing procedure for quantification theory}, 
  journal = 	 {Journal of the {ACM}},
  year = 	 1960,
  volume =	 7,
  number =	 3,
  pages =	 {201-215}
}

@phdthesis{Dawar:fctmt, 
   author = {A. Dawar}, 
   title = {Feasible Computation Through Model Theory}, 
   school = {Computer Science Department, University College of Swansea}, 
   year = {1993}
}

@phdthesis{Deemter:tcom,
     author = {K. van Deemter},
     title = {The Composition of Meaning},
     year = {1990},
     address = {Amsterdam},
     school = {University of Amsterdam}
}

@book{DeePet:saau,
	title = {Semantic Ambiguity and Underspecification}, 
	publisher = {CSLI Lecture Notes}, 
	year = {1996},
	editor = {Deemter, D. van and S. Peters}, 
	address = {Stanford}
}
		  
@InCollection{Deemter:taloae,
  author = 	 "Deemter, K. van",
  title = 	 "Towards a Logic of Ambiguous Expressions",
  OPTcrossref =  "",
  OPTkey = 	 "",
  booktitle = "Semantic Ambiguity and Underspecification",
  publisher = "CSLI",
  year = 	 "1996",
  editor = 	 "Deemter, D. van and S. Peters",
  OPTvolume = 	 "",
  OPTnumber = 	 "",
  OPTseries = 	 "",
  OPTtype = 	 "",
  OPTchapter = 	 "",
  OPTpages = 	 "",
  OPTaddress = 	 "",
  OPTedition = 	 "",
  OPTmonth = 	 "",
  OPTnote = 	 "",
  OPTannote = 	 ""
}


@InProceedings{DegVor:wyawtk, 
  author = 	 {A. Degtyarev and A. Voronkov},
  title = 	 {What You Always Wanted to Know About Rigid {E}-Unification},
  booktitle = 	 {Logics in Artificial Intelligence, 
                  European Workshop, JELIA '96},
  OPTcrossref =  {},
  OPTkey = 	 {},
  pages = 	 {50--69}, 
  year = 	 {1996},
  editor = 	 {J.J. Alferez and L.M. Pereira and E. Orlowska}, 
  OPTvolume = 	 {},
  number = 	 {1126},
  series = 	 {Lecture Notes in Computer Science},
  OPTaddress = 	 {},
  OPTmonth = 	 {},
  OPTorganization = {},
  publisher = {Springer},
  OPTnote = 	 {},
  OPTannote = 	 {}
}

@article{Dekker:ed,
	author = {P. Dekker},
	title = {Existential Disclosure},
	journal = {Linguistics and Philosophy},
	year = {1993},
	volume = {16},
	number = {6},
	pages = {561--587}
}

@Article{Dekker03:mwtfb,
  author = 	 {P. Dekker},
  title = 	 {Meanwhile, Within the {F}rege Boundary},
  journal = 	 {Linguistics and Philosophy},
  year = 	 2003,
  volume =	 26,
  pages =	 {547--556}
}

@InProceedings{Dekker01:mwtfb,
  author = 	 {P. Dekker},
  title = 	 {Meanwhile, Within the {F}rege Boundary},
  booktitle = 	 {Proceedings of the Thirteenth {A}msterdam Colloquium},
  pages =	 {73--78},
  year =	 2001,
  editor =	 {R. van Rooy and M. Stokhof},
  organization = {ILLC, University of Amsterdam}
}

@phdthesis{Dekker:tm,
	author = {P. Dekker},
	title = {Transsentential Meditations},
	school = {Department of Philosophy},
	year = {1993},
	address = {University of Amsterdam}
}

@InProceedings{Dekker:plwa, 
  author = 	 "P. Dekker",
  title = 	 "Predicate Logic With Anaphora",
  editor = 	 "L. Santelmann and M. Harvey",
  OPTvolume = 	 "",
  OPTnumber = 	 "",
  OPTseries = 	 "",
  pages = 	 "17 vv",
  booktitle = "Proceedings of the Fourth Semantics and Linguistic
		  Theory Conference",
  year = 	 "1994",
  OPTorganization = "",
  publisher = "DMML Publications",
  address = 	 "Cornell University",
  OPTmonth = 	 "",
  OPTnote = 	 "",
  OPTannote = 	 ""
}

@INCOLLECTION{dekker:raiids, 
  AUTHOR="P. Dekker", 
  TITLE="Representation and Information in Dynamic Semantics", 
  BOOKTITLE="Language, Logic and Computation", 
  YEAR="1996", 
  EDITOR="Jerry Seligman and Dag Westerst{\aa}hl",
  publisher={{CSLI}}, 
  PAGES="183--197", 
  ADDRESS="Stanford"} 

@unpublished{Dekker:usadi,
	author = {P. Dekker},
	title = {Update Semantics and Dynamic Interpretation},
	note = {Manuscript, University of Amsterdam (handout Santa Cruz conference on Formal Linguistics)},
	year = {1991}
}

@article{DemGor00:dcflwr, 
    author = "St\'ephane Demri and Rajeev Gor\'e",
    title = "Display Calculi for Logics with Relative Accessibility Relations",
    journal = "Journal of Logic, Language, and Information",
    volume = "9",
    number = "2",
    pages = "213--236",
    year = "2000",
    url = "citeseer.nj.nec.com/demri98display.html" 
}

@inproceedings{DemGor99:cfdcfn, 
    author = "St\'ephane Demri and Rajeev Gore",
    title = "Cut-Free Display Calculi for Nominal Tense Logics",
    booktitle = "Analytic Tableaux and Related Methods",
    pages = "155-170",
    year = "1999",
    url = "citeseer.nj.nec.com/demri98cutfree.html" 
}

@Book{Devlin:lai,      
  author = 	"Devlin, K.",
  fullname = 	"Devlin, Keith",
  title = 	"Logic and Information",
  publisher = 	"Cambridge University Press",
  year = 	"1991",
  address = 	"Cambridge, UK",
  edition = 	"",
  where = 	"have",
  topics = 	"situation theory situation semantics infons",
  note = 	"",
  was =		"Devlin91"
}



@Book{Dijksterhuis:deve,
  author = 	 {E.J. Dijksterhuis},
  ALTeditor = 	 {},
  title = 	 {De elementen van {E}uclides},
  publisher = 	 {Noordhoff},
  year = 	 {1929--1930},
  OPTkey = 	 {},
  OPTvolume = 	 {},
  OPTnumber = 	 {},
  OPTseries = 	 {},
  address = 	 {Groningen},
  OPTedition = 	 {},
  OPTmonth = 	 {},
  OPTnote = 	 {Twee delen},
  OPTannote = 	 {}
}

@Article{Dijkstra:gcna,
  author = 	 {Dijkstra, E.W.},
  title = 	 {Guarded commands, nondeterminacy and the formal 
                  derivation of programs},
  journal = 	 {Communications of the {ACM}},
  year = 	 {1975},
  OPTkey = 	 {},
  volume = 	 {18},
  OPTnumber = 	 {},
  pages = 	 {453--457},
  OPTmonth = 	 {},
  OPTnote = 	 {},
  OPTannote = 	 {}
}

@Book{DijSch:pcaps,
  author = 	 {E.W Dijkstra and C.S. Scholten},
  ALTeditor = 	 {},
  title = 	 {Predicate Calculus and Program Semantics},
  publisher = 	 {Springer-Verlag},
  year = 	 {1990},
  OPTkey = 	 {},
  OPTvolume = 	 {},
  OPTnumber = 	 {},
  series = 	 {Texts and Monographs in Computer Science},
  OPTaddress = 	 {},
  OPTedition = 	 {},
  OPTmonth = 	 {},
  OPTnote = 	 {},
  OPTannote = 	 {}
}


@Unpublished{Dimitriadis:taesft,
  author = 	 {A. Dimitriadis},
  title = 	 {Towards an event semantics for the theta system},
  note = 	 {Uil-OTS Manuscript, October 2002},
  OPTkey = 	 {},
  OPTmonth = 	 {},
  OPTyear = 	 {},
  OPTannote = 	 {}
}

@Book{DoeDalSwa:snaa,
  author = 	 {Doets, K. and D. van Dalen and H. de Swart},
  title = 	 {Sets: Naive, Axiomatic, and Applied},
  publisher = 	 {Pergamon Press},
  year = 	 {1978},
  address = 	 {Oxford}
}



@Book{DoeEij04:thr,
  author =	 {Doets, K. and J. van Eijck},
  title = 	 {The {H}askell Road to Logic, Maths and Programming},
  publisher = 	 {King's College Publications},
  year = 	 2004,
  volume =	 4,
  series =	 {Texts in Computing},
  address =	 {London}
}

@PhdThesis{Ditmarsch00:kg,
  author = 	 {Ditmarsch, Hans van},
  title = 	 {Knowledge Games},
  school = 	 {ILLC},
  year = 	 2000,
  address =	 {Amsterdam}
}

@book{DoeEij:gqtaa,
	title = {Generalized Quantifier Theory and Applications},
	publisher = {Dutch Network for Language, Logic and Information},
	year = {1991},
	author = {Does, J. van der and J. van Eijck (eds.)},
	place = {Amsterdam}
}

@book{DoeEij:qlal,
	title = {Quantifiers, Logic, and Language}, 
	publisher = {CSLI Lecture Notes}, 
	year = {1996},
	editor = {Does, J. van der and J. van Eijck},
	address = {Stanford}
}

@incollection{DoeEij:bqt, 
        title = {Basic Quantifier Theory}, 
        booktitle = {Quantifiers, Logic, and Language}, 
        year = {1996}, 
	author = {Does, J. van der and J. van Eijck},
	publisher = {CSLI, Stanford}, 
        pages = {1--45}
}

@techreport{DoeEij:bqtREP, 
        title = {Basic Quantifier Theory}, 
        institution = {ILLC}, 
        number = {LP-95-08}, 
        year = {1995}, 
        month = {September}, 
        note = {To appear in Van der Does and Van Eijck (eds.), 
        Quantifiers, Logic, and Language, CSLI, Stanford}
}

@Unpublished{DoeEij:lrap,
  author = 	 {Doets, K. and Eijck, J. van},
  title = 	 {Logic, Representations, and Proofs},
  note = 	 {Book Manuscript, September 1999. 
                  Available from \verb^www.cwi.nl/~jve/LRP^},
  OPTkey = 	 {},
  OPTmonth = 	 {},
  OPTyear = 	 {},
  OPTannote = 	 {}
}

@Unpublished{DoeEij02:rcrh,
  author = 	 {K. Doets and J. van Eijck},
  title = 	 {Reasoning, Computation and Representation using {H}askell},
  note = 	 {Draft Textbook. 
                  Available from \url{www.cwi.nl/~jve/RCRH/RCRH.ps.gz}},
  OPTkey = 	 {},
  OPTmonth = 	 {},
  year = 	 {2002},
  OPTannote = 	 {}
}


@Book{DoeEij04:hrlmp,
  author =	 {K. Doets and J. van Eijck},
  title = 	 {The {H}askell Road to Logic, Maths and Programming},
  publisher = 	 {King's College Publications},
  year = 	 2004,
  series =	 {Texts in Computing},
  address =	 {London}
}

@phdthesis{Does:aql, 
        author = {Does, J. van der}, 
        title = {Applied Quantifier Logics}, 
        school = {ILLC, Amsterdam}, 
        year = {1992}
}

@incollection{Does:fea,
        author =  {Does, J. van der}, 
        title = {Formalizing {E}-type anaphora}, 
        booktitle = {Proceedings of the Ninth Amsterdam Colloquium}, 
        editor = {P. Dekker and M. Stokhof}, 
        publisher = {ILLC, Amsterdam}, 
        year = {1994}, 
        pages = {229--248}
}

@Book{Doets:wiw,
  author = 	 {H.C. Doets},
  ALTeditor = 	 {},
  title = 	 {Wijzer in Wiskunde},
  publisher = 	 {CWI},
  year = 	 {1996},
  OPTkey = 	 {},
  OPTvolume = 	 {},
  OPTnumber = 	 {},
  OPTseries = 	 {{CWI} Syllabus 42},
  address = 	 {Amsterdam},
  OPTedition = 	 {},
  OPTmonth = 	 {},
  note = 	 {Lecture notes in Dutch},
  OPTannote = 	 {}
}

@book{Doets:fltlp,
        author = {H.C. Doets}, 
        title = {From Logic to Logic Programming}, 
        publisher = {MIT Press}, 
        address = {Cambridge, Massachusetts}, 
        year = {1994}
}


@InCollection{Dowek01:houam,
  author = 	 {G. Dowek},
  title = 	 {Higher-order unification and matching},
  booktitle = 	 {Handbook of Automated Reasoning},
  OPTcrossref =  {},
  OPTkey = 	 {},
  pages = 	 {1009--1062},
  publisher = {Elsevier},
  year = 	 {2001},
  editor = 	 {A. Robinson and A. Voronkov},
  OPTvolume = 	 {},
  OPTnumber = 	 {},
  OPTseries = 	 {},
  OPTtype = 	 {},
  OPTchapter = 	 {},
  OPTaddress = 	 {},
  OPTedition = 	 {},
  OPTmonth = 	 {},
  OPTnote = 	 {},
  OPTannote = 	 {}
}

@TechReport{DowHarKir:tpm,
  author = 	 {G. Dowek and T. Hardin and C. Kirchner},
  title = 	 {Theorem Proving Modulo},
  institution =  {INRIA Rocquencourt},
  year = 	 {1998},
  OPTkey = 	 {},
  OPTtype = 	 {},
  number = 	 {3400},
  OPTaddress = 	 {},
  month = 	 {April},
  OPTnote = 	 {},
  OPTannote = 	 {}
}

@article{Dowty:ttaacs,
	author = {Dowty, D.R.},
	title = {Tense, Time Adverbials and Compositional Semantic Theory},
	journal = {Linguistics and Philosophy},
	year = {1982},
	volume = {5},
	pages = {23--58}
}

@book{Dowty:wmamg,
	title = {Word Meaning and Montague Grammar},
	publisher = {Reidel, Dordrecht},
	year = {1979},
	author = {Dowty, D.R},
	address = {Dordrecht}
}


@InCollection{Dowty:otscot,
  author = 	"Dowty, D. R.",
  title = 	"On the semantic content of the notion of `thematic role'",
  booktitle = 	"Properties, Type, and Meanings",
  publisher =	"Kluwer",
  year = 	"1989",
  volume = 	"2",
  editor = 	"Partee, B. and Chierchia, G. and Turner, R.",
  pages = 	"69--130",
  address = 	"Dordrecht",
  note = 	""
}


@book{DowWalPet:itms, 
      title = {Introduction to Montague Semantics}, 
      publisher = {Reidel, Dordrecht}, 
      year = {1981},
      author ={D.R. Dowty and R.E. Wall and S. Peters}, 
      address = {Dordrecht} 
}

@article{Doyle:tms,
      author = {J. Doyle},
      title = {A Truth Maintenance System},
      journal = {Artificial Intelligence},
      volume = {12},
      pages = {231--272},
      year = {1979}
}

@incollection{Doyle:rmbr,
      author = {J. Doyle},
      title = {Reason Maintenance and Belief Revision: Foundations vs.
               Coherence Theories},
      booktitle = {Belief Revision},
      editor = {P. G\"{a}rdenfors},
      pages = {29--51},
      year = {1992},
      publisher = {Cambridge University Press},
      address = {Cambridge},
      series = {Cambridge Tracts in Theoretical Computer Science 29}
}

@Book{Dretske:katfoi,            
	author	= {Dretske, Fred},
	title	= {Knowledge and The Flow of Information},
	publisher = {Bradford/MIT Press},
	year	= 1981,
	address	= {Cambridge, MA},
	topics	= {semantics, information}
	}

%E 

@Article{Earley70:aecfpa,
  author = 	 {J. Earley},
  title = 	 {An efficient context-free parsing algorithm},
  journal = 	 {Communications of the {ACM}},
  year = 	 1970,
  volume =	 13,
  pages =	 {94--102}
}

@Book{EbbFluTho:ml,
  author = 	 "H.-D. Ebbinghaus and J. Flum and W. Thomas",
  title = 	 "Mathematical Logic",
  publisher = 	 "Springer-Verlag",
  year = 	 "1994",
  OPTcrossref =  "",
  OPTkey = 	 "",
  OPTeditor = 	 "",
  OPTvolume = 	 "",
  OPTnumber = 	 "",
  OPTseries = 	 "",
  address = 	 "Berlin",
  OPTedition = 	 "",
  OPTmonth = 	 "",
  note = 	 "Second Edition.",
  OPTannote = 	 ""
}

@techreport{Eberle:e,
	title = {Ereignisse: Ihre Logik und Ontologie aus textsemantischer Sicht},
	author = {Eberle, K.},
	institution = {IBM Germany},
	year = {1991},
	type = {IWBS Report},
	number = {192}
}



@Book{Eccles:aitmr,
  author = 	 {Eccles, P. J.},
  ALTeditor = 	 {},
  title = 	 {An Introduction to Mathematical Reasoning},
  publisher = 	 {Cambridge University Press},
  year = 	 {1997},
  OPTkey = 	 {},
  OPTvolume = 	 {},
  OPTnumber = 	 {},
  OPTseries = 	 {},
  OPTaddress = 	 {},
  OPTedition = 	 {},
  OPTmonth = 	 {},
  OPTnote = 	 {},
  OPTannote = 	 {}
}

@Article{Eder:posau,
  author = 	 {E. Eder},
  title = 	 {Properties of Substitutions and Unifications},
  journal = 	 {Journal of Symbolic Computation},
  year = 	 {1985},
  OPTkey = 	 {},
  volume = 	 {1},
  OPTnumber = 	 {},
  pages = 	 {31--46},
  OPTmonth = 	 {},
  OPTnote = 	 {},
  OPTannote = 	 {}
}

@book{EgliCS:lkitoo, 
        title = {Lexical Knowledge in the Organization of Language},
        editor = {U. Egli et al.},
        publisher = {W. Benjamins}, 
	year = {1995}
}


@InProceedings{EijHegNua:atcfdf,
  author = 	 {Eijck, J. van and J. Heguiabehere and B. \'O Nuall\'ain},
  title = 	 {A Tableau Calculus for Dynamic First Order Logic 
                  with Applications in Natural Language Semantics},
  booktitle = 	 {ICOS-2 Proceedings},
  OPTcrossref =  {},
  OPTkey = 	 {},
  pages = 	 {25--40},
  year = 	 {2000},
  editor = 	 {Johan Bos and Michael Kohlhase},
  OPTvolume = 	 {},
  OPTnumber = 	 {},
  OPTseries = 	 {},
  OPTaddress = 	 {},
  OPTmonth = 	 {},
  OPTorganization = {},
  OPTpublisher = {},
  OPTnote = 	 {},
  OPTannote = 	 {}
}

@InProceedings{EijHegNua:tpapwd,
  author = 	 {Eijck, J. van and J. Heguiabehere and B. \'O Nuall\'ain},
  title = 	 {Theorem Proving and Programming 
                  with Dynamic First Order Logic},
  booktitle = 	 {Functional and Logic Programming: Ninth 
                  International Workshop, {WFLP}'2000, 
                  Benic\`{a}ssim, Spain, September 28--30, 2000},
  OPTcrossref =  {},
  OPTkey = 	 {},
  pages = 	 {56--71},
  year = 	 {2000},
  editor = 	 {Mar\'{\i}a Alpuente},
  OPTvolume = 	 {},
  OPTnumber = 	 {},
  OPTseries = 	 {},
  OPTaddress = 	 {},
  OPTmonth = 	 {},
  organization = {Universidad Polit\'{e}chnica de Valencia},
  OPTpublisher = {},
  OPTnote = 	 {},
  OPTannote = 	 {}
}


@TechReport{EijHegNua:tpapwdFULL,
  author = 	 {Eijck, J. van and J. Heguiabehere and B. \'O Nuall\'ain},
  title = 	 {Theorem Proving and Programming 
                  with Dynamic First Order Logic --- Full Version},
  institution =  {CWI},
  year = 	 {2000},
  OPTkey = 	 {},
  OPTtype = 	 {},
  number = 	 {INS-R0020},
  address = 	 {Amsterdam},
  month = 	 {October},
  OPTnote = 	 {},
  OPTannote = 	 {}
}


@Article{EijHegNua01:trap,
  author = 	 {Eijck, J. van and J. Heguiabehere and B. \'O Nuall\'ain},
  title = 	 {Tableau Reasoning and Programming with Dynamic 
                  First Order Logic},
  journal = 	 {Logic Journal of the {IGPL}},
  year = 	 2001,
  volume = 	 9,
  number = 	 3,
  month = 	 {May}
}

@incollection{EijCep:dmpl,
	title = {Dynamic Modal Predicate Logic},
	author = {Eijck, J. van and G. Cepparello},
        booktitle = {Dynamics, Polarity and Quantification}, 
        editor = {M. Kanazawa and C.J. Pin\'on}, 
        publisher = {CSLI, Stanford}, 
        pages = {251--276}, 
        year = {1994}
}

@inproceedings{EijCep:ulddle,
	author = {Eijck, J. van and G. Cepparello},
	title = {Una lettura dinamica della logica epistemica dei predicati},
	booktitle = {Atti degli incontri di logica matematica},
	year = {1993},
	publisher = {Universita di Camerino, Camerino},
	volume = {VIII},
	pages = {169--175}
}




@Unpublished{Eijck05:sig,
  author = 	 {Eijck, Jan va},
  title = 	 {Sequentially Indexed Grammars},
  note = 	 {manuscript, Centre for Mathematics and Computer Science, Amsterdam},
  year =	 2005,
  annote =	 {Available from \url{http://www.cwi.nl/~jve/papers/05/sig/}}
}

@TechReport{Eijck04:rdtp,
  author = 	 {Eijck, Jan van},
  title = 	 {Reducing dynamic epistemic logic to 
                  {PDL} by Program Transformation},
  institution =  {CWI},
  year = 	 2004,
  number =	 {SEN-E0423},
  address =	 {Amsterdam},
  month =	 {December},
  note =	 {Available from \url{http://db.cwi.nl/rapporten/}}
}

@TechReport{Eijck04:ga,
  author = 	 {Eijck, Jan van},
  title = 	 {Guarded Actions},
  institution =  {CWI},
  year = 	 2004,
  number =	 {SEN-E0425},
  address =	 {Amsterdam},
  month =	 {December},
  note =	 {Available from \url{http://db.cwi.nl/rapporten/}}
}

@Unpublished{EijRua04:ae,
  author = 	 {Eijck, J. van and J. Ruan},
  title = 	 {Action Emulation},
  note = 	 {CWI, Amsterdam, \url{www.cwi.nl:~/papers/04/ae}},
  year =	 2004
}

@Unpublished{Eijck04:ca,
  author = 	 {Eijck, Jan van},
  title = 	 {Communicative Actions},
  note = 	 {CWI, Amsterdam},
  year =	 2004
}

@TechReport{Eijck04:dem,
  author = 	 {Eijck, Jan van},
  title = 	 {Dynamic Epistemic Modelling},
  institution =  {CWI},
  year = 	 2004,
  number =	 {SEN-E0424},
  address =	 {Amsterdam},
  month =	 {December},
  note =	 {Available from \url{http://db.cwi.nl/rapporten/}}
}



@TechReport{Eijck04:nffcfREP,
  author = 	 {Eijck, J. van},
  title = 	 {Normal Forms for 
                  Characteristic Functions on $n$-ary Relationa},
  institution =  {CWI},
  year = 	 2004,
  number =	 {EN-R0419},
  address =	 {Amsterdam},
  note =	 {Available from \url{http://db.cwi.nl/rapporten/}}
}

@Article{Eijck04:nffcf,
  author = 	 {Eijck, J. van},
  title = 	 {Normal Forms for 
                  Characteristic Functions on $n$-ary Relations},
  journal = 	 {Journal of Logic and Computation},
  year = 	 {to appear (2005)}
}

@InCollection{Eijck02:rric,
  author = 	 {Eijck, J. van},
  title = 	 {Reference Resolution in Context},
  booktitle = 	 {Computational Linguistics in the Netherlands 2001\\
                  Selected Papers from the Twelfth {CLIN} Meeting},
  pages = 	 {89--103},
  publisher =    {Rodopi},
  year = 	 2002,
  editor = 	 {M. Theune and A. Nijholt and H. Hondorp}
}

@Unpublished{Eijck02:hylotab,
  author = 	 {Eijck, J. van},
  title = 	 {Hy{L}o{T}ab --- 
                 {T}ableau-based Theorem Proving for Hybrid Logics},
  note = 	 {Available from \url{http://www.cwi.nl/~jve/hylotab}},
  OPTkey = 	 {},
  OPTmonth = 	 {},
  year = 	 {2002},
  OPTannote = 	 {}
}

@Unpublished{Eijck02:lthl,
  author = 	 {Eijck, J. van},
  title = 	 {Labelled Tableaux for Hybrid Logics},
  note = 	 {CWI},
  OPTkey = 	 {},
  OPTmonth = 	 {},
  year = 	 {2002},
  OPTannote = 	 {Position Paper in {T}ableaux'02}
}

@InProceedings{Eijck01:cht,
  author = 	 {Eijck, J. van},
  title = 	 {Constrained Hyper Tableaux},
  booktitle = 	 {Computer Science Logic},
  pages = 	 {232--246},
  year = 	 2001,
  editor = 	 {L. Fribourg},
  publisher =	 {Springer},
  note = 	 {15th International Workshop, CSL 2001 (LNCS 2142)}
}

@InProceedings{Eijck01:mgIJCAR,
  author = 	 {Eijck, Jan van},
  title = 	 {Model Generation from Constrained Free Variable Tableaux},
  booktitle = 	 {{IJCAR 2001} -- Short Papers},
  OPTcrossref =  {},
  OPTkey = 	 {},
  pages = 	 {160--169},
  year = 	 {2001},
  editor = 	 {Rajeev Gor\'{e} and Alexander Leitsch and Tobias Nipkov},
  OPTvolume = 	 {},
  OPTnumber = 	 {},
  OPTseries = 	 {},
  address = 	 {Siena},
  OPTmonth = 	 {},
  OPTorganization = {},
  OPTpublisher = {},
  OPTnote = 	 {},
  OPTannote = 	 {}
}

@Article{Eijck01:id,
  author = 	 {Eijck, J. van},
  title = 	 {Incremental Dynamics},
  journal = 	 {Journal of Logic, Language and Information},
  year = 	 2001,
  volume = 	 10,
  pages = 	 {319--351}
}

@Unpublished{Eijck01:csfnl,
  author = 	 {Eijck, J. van},
  title = 	 {Context Semantics for NL},
  note = 	 {Paper presented at {CLIN'01}},
  month = 	 {November},
  year = 	 2001,
  annote = 	 {not refereed}
}

@Unpublished{Eijck01:bc,
  author = 	 {Eijck, J. van},
  title = 	 {Border Crossings},
  note = 	 {Chapter in Spinoza Book},
  OPTkey = 	 {},
  month = 	 {December},
  year = 	 {2001},
  annote = 	 {not refereed}
}

@Unpublished{Eijck01:rwt,
  author = 	 {Eijck, J. van },
  title = 	 {Reasoning With Tableaux},
  note = 	 {School Week Tutorial Paper},
  OPTkey = 	 {},
  month = 	 {October},
  year = 	 {2001},
  annote = 	 {not refereed}
}

@Unpublished{Eijck01:chtatp,
  author = 	 {Eijck, J. van},
  title = 	 {{CHT} --- A Theorem Prover For Constrained Hyper Tableaux},
  note = 	 {Documented program},
  OPTkey = 	 {},
  OPTmonth = 	 {},
  year = 	 {2001},
  annote = 	 {not refereed}
}



@Unpublished{EijNou01:qarids,
  author = 	 {Eijck, J. van and R. Nouwen},
  title = 	 {Quantification and Reference in Dynamic Semantics},
  note = 	 {manuscript},
  OPTkey = 	 {},
  OPTmonth = 	 {},
  year = 	 {2001},
  annote = 	 {not refereed}
}

@Unpublished{EijJasKetPau01:crr,
  author = 	 {Eijck, J. van and J. Jaspars and J. Ketting and M. Pauly},
  title = 	 {Computers, Rekenen Redeneren},
  note = 	 {Secondary School Textbook},
  OPTkey = 	 {},
  OPTmonth = 	 {},
  year = 	 {2001},
  annote = 	 {to be published with Amsterdam University Press in 2002}
}

@InCollection{eijck:mvoj,
  author =       {Eijck, J. van },
  title =        {Metalanguage versus Object Language},
  booktitle =    {Concise Encyclopedia of Pragmatics},
  OPTcrossref =  {},
  OPTkey =       {},
  OPTpages =     {},
  publisher = {Elsevier},
  year =         {1998},
  editor =       {J.L. Mey},
  OPTvolume =    {},
  OPTnumber =    {},
  OPTseries =    {},
  OPTtype =      {},
  OPTchapter =   {},
  OPTaddress =   {},
  OPTedition =   {},
  month =        {November},
  OPTnote =      {},
  OPTannote =    {}
}
 
@TechReport{eijck:drwv,
  author =       {Eijck, J. van},
  title =        {Dynamic Reasoning Without Variables},
  institution =  {CWI},
  year =         {1998},
  OPTkey =       {},
  OPTtype =      {},
  number =       {INS-R9801},
  OPTaddress =   {},
  month =        {January},
  OPTnote =      {},
  OPTannote =    {}
}



@InProceedings{Eijck03:pcfe,
  author = 	 {Eijck, J. van},
  title = 	 {Parser Combinators for Extraction},
  booktitle = 	 {Proceedings of the Fourteenth {A}msterdam Colloquium},
  pages =	 {99--104},
  year =	 2003,
  editor =	 {Paul Dekker and Robert van Rooy},
  organization = {{ILLC}},
  publisher =	 {University of Amsterdam}
}

@Unpublished{Eijck03:csatt,
  author = 	 {Eijck, Jan van},
  title = 	 {Computational Semantics and Type Theory},
  note = 	 {Book manuscript, CWI Amsterdam},
  year =	 2003,
  annote =	 {Electronically available from 
                  \url{http://www.cwi.nl/~jve/cs}}
}

@InProceedings{Eijck:tptoci,
  author = 	 {Eijck, J. van},
  title = 	 {The Proper Treatment of Context in {NL}},
  booktitle = 	 {Computational Linguistics in the Netherlands 1999; 
                  Selected Papers from the Tenth {CLIN} Meeting},
  pages = 	 {41--51},
  year = 	 2000,
  editor = 	 {Paola Monachesi},
  organization = {Utrecht Institute of Linguistics OTS}
}

@Unpublished{Eijck:dsfnl,
  author = 	 {Eijck, Jan van},
  title = 	 {Dynamic Semantics for {NL}},
  note = 	 {Lecture Note, Uil-OTS},
  OPTkey = 	 {},
  month = 	 {November},
  year = 	 {2000},
  OPTannote = 	 {}
}

@Unpublished{Eijck:csfnl,
  author = 	 {Eijck, Jan van},
  title = 	 {Context Semantics for {NL}},
  note = 	 {Lecture Note, Uil-OTS},
  OPTkey = 	 {},
  month = 	 {November},
  year = 	 {2000},
  OPTannote = 	 {}
}

@Unpublished{Eijck:totco,
  author = 	 {Eijck, Jan van},
  title = 	 {Tutorial on the Composition of Meaning},
  note = 	 {Lecture Note, Uil-OTS},
  OPTkey = 	 {},
  month = 	 {November},
  year = 	 {2000},
  OPTannote = 	 {}
}


@Article{Eijck:pf,
  author = 	 {Eijck, J. van},
  title = 	 {Praktische Filosofie (boekbespreking)},
  journal = 	 {ANTW},
  year = 	 {1998},
  OPTkey = 	 {},
  OPTvolume = 	 {},
  OPTnumber = 	 {},
  OPTpages = 	 {},
  OPTmonth = 	 {},
  OPTnote = 	 {},
  OPTannote = 	 {}
}


@Unpublished{Eijck:bc,
  author = 	 {Eijck, J. van},
  title = 	 {Border Crossings},
  note = 	 {Manuscript},
  OPTkey = 	 {},
  month = 	 {November},
  year = 	 {1999},
  OPTannote = 	 {}
}

@Unpublished{Eijck:nf,
  author = 	 {Eijck, J. van},
  title = 	 {Nieuwe Filosofie},
  note = 	 {Manuscript, available from the author upon request},
  OPTkey = 	 {},
  month = 	 {Spring},
  year = 	 {1999},
  OPTannote = 	 {}
}

@InCollection{Eijck:larboa,
  author = 	 "Eijck, Jan van",
  title = 	 "Let's Accept Rejects, But Only After Repairs",
  OPTcrossref =  "",
  OPTkey = 	 "",
  booktitle = "Liber {A}micorum for {P}aul {K}lint",
  publisher = "CWI",
  year = 	 "1997",
  editor = 	 "A. van Deursen and J. Heering",
  OPTvolume = 	 "",
  OPTnumber = 	 "",
  OPTseries = 	 "",
  OPTtype = 	 "",
  OPTchapter = 	 "",
  OPTpages = 	 "",
  OPTaddress = 	 "",
  OPTedition = 	 "",
  OPTmonth = 	 "",
  note = 	 "12 pp",
  OPTannote = 	 ""
}

@Article{Eijck:mth,
  author = 	 {Eijck, J. van},
  title = 	 {Making Things Happen},
  note = 	 {Studia Logica},
  year = 	 2000,
  volume =       66, 
  pages =        {41--58}
}

@Unpublished{Eijck:mic,
  author = 	 {Eijck, J. van},
  title = 	 {Modality in Context},
  note = 	 {Talk presented at {CLIN'00}},
  OPTkey = 	 {},
  month = 	 {November},
  year = 	 {2000},
  OPTannote = 	 {}
}

@Article{Eijck:ttsollc,
  author = 	 {Eijck, J. van},
  title = 	 {The {T}bilisi Symposium on Logic, Language and Computation (Book Review)},
  journal = 	 {Science of Computer Programming},
  year = 	 {2000},
  OPTkey = 	 {},
  OPTvolume = 	 {},
  OPTnumber = 	 {},
  OPTpages = 	 {},
  OPTmonth = 	 {},
  OPTnote = 	 {},
  OPTannote = 	 {}
}

@InCollection{Eijck:pdmwd,
  author = 	 {Eijck, J. van},
  title = 	 {Powering Decision Machines with {D}ynamo},
  booktitle = 	 {{JFAK} --- Essays dedicated to Johan van Benthem 
                   on the Occasion of his 50th Birthday},
  OPTcrossref =  {},
  OPTkey = 	 {},
  OPTpages = 	 {},
  publisher = {ILLC},
  year = 	 {1999},
  editor = 	 {J. Gerbrandy and M. Marx and M. de Rijke and Y. Venema},
  OPTvolume = 	 {},
  OPTnumber = 	 {},
  OPTseries = 	 {},
  OPTtype = 	 {},
  OPTchapter = 	 {},
  address = 	 {Amsterdam},
  OPTedition = 	 {},
  OPTmonth = 	 {},
  OPTnote = 	 {},
  OPTannote = 	 {}
}

@Unpublished{Eijck:img,
  author = 	 {Eijck, J. van},
  title =        {Incremental Montague Grammar},
  note = 	 {manuscript, CWI \& ILLC, October 1999},
  OPTkey = 	 {},
  OPTmonth = 	 {},
  OPTyear = 	 {},
  OPTannote = 	 {}
}

@TechReport{eijck:idREP,
  author =       {Eijck, J. van},
  title =        {Incremental Dynamics},
  institution =  {CWI \&\ ILLC},
  year =         {1998},
  OPTkey =       {},
  OPTtype =      {},
  number =       {INS-R9811 \&\ LP-1998-08},
  OPTaddress =   {},
  month =        {},
  note =         {Accepted for publication in JoLLI},
  OPTannote =    {}
}

unpublished{Eijck:mrids, 
  author = 	 "Eijck, J. van",
  title = 	 "Merge Reduction in Dynamic Semantics",
  note = 	 "Manuscript, CWI, Spring1996",
  OPTcrossref =  "",
  OPTkey = 	 "",
  OPTyear = 	 "",
  OPTmonth = 	 "",
  OPTannote = 	 ""
}

@InProceedings{Eijck:dwsar,
  author = 	 {Eijck, Jan van},
  title = 	 {Dynamo with Shift and Reduce},
  booktitle = 	 {{DGNMR}'99 Proceedings},
  OPTcrossref =  {},
  OPTkey = 	 {},
  OPTpages = 	 {},
  year = 	 {1999},
  editor = 	 {H. Rott and C. Albert and G. Brewka and C. Witteveen},
  OPTvolume = 	 {},
  OPTnumber = 	 {},
  series = 	 {{ILLC} Scientific Publications},
  address = 	 {Amsterdam},
  OPTmonth = 	 {},
  organization = {ILLC},
  OPTpublisher = {},
  OPTnote = 	 {},
  OPTannote = 	 {}
}

@Article{Eijck:adlfa,
  author = 	 {Eijck, J. van},
  title = 	 {Axiomatising Dynamic Logics for Anaphora},
  journal = 	 {Journal of Language and Computation},
  year = 	 {1999},
  OPTkey = 	 {},
  volume = 	 {1},
  OPTnumber = 	 {},
  pages = 	 {103--126},
  OPTmonth = 	 {},
  OPTnote = 	 {},
  OPTannote = 	 {}
}

@Unpublished{Eijck:lall,
  author = 	 {Eijck, J. van},
  title = 	 {Logic and Language Links ({LoLaLi})},
  note = 	 {Project proposal for the design of a generic 
                  environment for electronic knowledge dissemination
                  in the field of Logic and Language --- submitted to 
                 Elsevier Scientific Publishers in Spring 1998 
                 (Granted by Elsevier; work started in Fall 1999)},
  OPTkey = 	 {},
  OPTmonth = 	 {},
  OPTyear = 	 {},
  annote = 	 {}
}

@incollection{Eijck:adplwq,
	author = {Eijck, J. van},
	title = {Axiomatizing Dynamic Predicate Logic with 
		  Quantified Dynamic Logic},
	booktitle = {Logic and Information Flow},
	year = {1994},
	publisher = {MIT Press, Cambridge Mass},
	editor = {Eijck, J. van and A. Visser}, 
        pages = {30--48}
}

@inproceedings{Eijck:cl,
	author = {Eijck, J. van},
	title = {Computational Linguistics: On the Borderline of Language, Logic and Computation},
	booktitle = {CWI Annual Report},
	year = {1990},
	pages = {28--32}
}

@inproceedings{Eijck:otboll,
	author = {Eijck, J. van},
	title = {On the Borderline of Logic, Language, and Computation},
	booktitle = {Images of {SMC} Research},
	year = {1996},
	pages = {379--386}
}

@article{Eijck:tdod,
	author = {Eijck, J. van},
	title = {The Dynamics of Description},
	journal = {Journal of Semantics},
	year = {1993},
	volume = {10},
	pages = {239--267}
}

@incollection{Eijck:gqatl,
	author = {Eijck, J. van},
	title = {Generalized Quantifiers and Traditional Logic},
	booktitle = {Generalized Quantifiers, Theory and Applications},
	year = {1985},
	publisher = {Foris, Dordrecht},
	editor = {J. van Benthem and A. ter Meulen},
	address = {Dordrecht}
}

@book{Eijck:lia,
	title = {Logics in AI / European Workshop JELIA '90 / Amsterdam, The Netherlands, September 1990 / Proceedings},
	publisher = {Springer Verlag, Berlin},
	year = {1991},
	editor = {Eijck, J. van},
	series = {Lecture Notes in Artificial Intelligence 478},
	pace = {Berlin}
}

@techreport{Eijck:padl,
	author = {Eijck, J. van},
	title = {Presuppositions and Dynamic Logic},
        institution = {CSLI, Stanford},
        number = {CSLI-94-186}, 
	year = {February 1994}
}

@techreport{Eijck:paiuREP,
	author = {Eijck, J. van},
	title = {Presuppositions and Information Updating},
        institution = {CWI}, 
        number = {CS-R9546}, 
        note = {to appear in: 
        M.~Kanazawa, C.~Pi\~non, H.~de~Swart (eds.), 
        {\em Quantifiers, Deduction, and Context}, CSLI, Stanford},
	year = {1995}, 
        month = {July} 
}

@incollection{Eijck:paiu,
	author = {Eijck, J. van},
	title = {Presuppositions and Information Updating},
        booktitle = {Quantifiers, Deduction, and Context},
        editor = {M.~Kanazawa, C.~Pi\~non, H.~de~Swart}, 
        publisher = {CSLI, Stanford},
	year = {1996}, 
        pages = {87--110}
}

@article{Eijck:pfacoe,
	author = {Eijck, J. van},
	title = {Presupposition Failure --- A Comedy of Errors},
	journal = {Formal Aspects of Computing},
	year = {1994}, 
        volume = {6A}, 
        pages = {766--787}
}

@unpublished{Eijck:lfp, 
       author = {Eijck, J. van}, 
       title = {Learning from Paradox}, 
       note = {Manuscript, CWI, Amsterdam}, 
       year = {July, 1995}
}

@incollection{Eijck:q,
	author = {Eijck, J. van},
	title = {Quantification},
	booktitle = {Semantik (HSK)},
	year = {1991},
	publisher = {Walter de Gruyter},
	editor = {Stechow, A. von and Wunderlich, D.},
	pages = {459--487},
	address = {Berlin}
}

@incollection{Eijck:qap,
	author = {Eijck, J. van},
	title = {Quantification and Partiality},
	booktitle = {Quantifiers, Logic, and Language}, 
	year = {1996},
	publisher = {CSLI}, 
	editor = {J. van der Does and J. van Eijck},
	pages = {105--144}, 
        address = [Stanford}
}

@unpublished{Eijck:tteb,
	author = {Eijck, J. van},
	title = {Tussen Taal en Betekenis},
	note = {Rede uitgesproken bij de aanvaarding van het ambt van hoogleraar in de logische aspecten van de computationele taalkunde aan de Faculteit der Letteren van de Rijksuniversiteit Utrecht},
	year = {1991}
}

@incollection{Eijck:tdote, 
        author = {Eijck, J. van}, 
        title = {The Dynamics of Theory Extension}, 
        booktitle = {Proceedings 9th Amsterdam Colloquium}, 
        editor = {P. Dekker and M. Stokhof}, 
        pages = {249--267},
        publisher = {ILLC, Amsterdam}, 
	year = {1994}
}

@incollection{Eijck:antl, 
        author = {Eijck, J. van}, 
        title = {A Natural Term Language}, 
        booktitle = {From Universal Morphisms to Megabytes},
        editor = {K. Apt and L. Schrijver and N. Temme},
        pages = {287--300},
        publisher = {Stichting Mathematisch Centrum, Amsterdam}, 
	year = {1994}
}

@unpublished{Eijck:ffil, 
      author = {Eijck, J. van}, 
      title = {Formal Forays into Language}, 
      year = {Summer, 1998},
      note = {Lecture Notes, Uil-OTS, Utrecht, available from 
      \verb^www.cwi.nl/~jve/ff^}
}

@unpublished{EijFra:dlaess,
	author = {Eijck, J. van and N. Francez},
	title = {Dynamic Logic and Error State Semantics --- Draft},
	note = {Manuscript, CWI, Amsterdam},
	year = {1992}
}

@techreport{EijFra:psveap,
	title = {Procedural Semantics, Verb-Phrase Ellipsis, and Presupposition},
	author = {Eijck, J. van and N. Francez},
	institution = {CWI},
	year = {February, 1993},
	number = {CS-R9311},
	address = {Amsterdam},
	note = {Also in: Proceedings APLOG conference, Dec 1992, Amsterdam}
}

@incollection{EijFra:veids,
	title = {Verb-phrase Ellipsis in Dynamic Semantics},
	author = {Eijck, J. van and N. Francez},
        editor = {M. Masuch and L. Polos}, 
        booktitle = {Applied Logic: How, What and Why?},
	year = {1995},
        pages = {29--60},
        publisher = {Kluwer, Dordrecht}
}



@Unpublished{EijHeg:dfolp,
  author = 	 {Eijck, J. van and J. Heguiabehere},
  title = 	 {Dynamic First Order Logic Programming},
  note = 	 {Manuscript},
  OPTkey = 	 {},
  month = 	 {February},
  year = 	 {2000},
  OPTannote = 	 {}
}

@TechReport{EijHegNua:tpapw,
  author = 	 {Eijck, J. van and J. Heguiabehere 
                  and Breannd\'an \'O Nuall\'ain},
  title = 	 {Theorem Proving and Programming 
                  with Dynamic First Order Logic},
  institution =  {CWI},
  year = 	 {2000},
  OPTkey = 	 {},
  OPTtype = 	 {},
  number = 	 {INS-R0020},
  address = 	 {Amsterdam},
  month = 	 {October},
  OPTnote = 	 {},
  OPTannote = 	 {}
}

@TechReport{EijJas:aar,
  author = 	 "Eijck, J. van and J. Jaspars",
  title = 	 "Ambiguity and Reasoning",
  institution =  "CWI",
  year = 	 "1996",
  OPTcrossref =  "",
  OPTkey = 	 "",
  OPTtype = 	 "",
  number = 	 "CS-R9616",
  address = 	 "Amsterdam",
  OPTmonth = 	 "",
  OPTnote = 	 "",
  OPTannote = 	 ""
}

@Unpublished{EijKoh:tcoa,
  author = 	 {Eijck, J. van and M. Kohlhase},
  title = 	 {The Calculus of Ambiguity},
  note = 	 {Report Manuscript, Spring 1998},
  OPTkey = 	 {},
  OPTmonth = 	 {},
  OPTyear = 	 {},
  OPTannote = 	 {}
}

@Unpublished{Eijck:wics,
  author = 	 {Eijck, J. van},
  title = 	 {What is Computational Semantics?},
  note = 	 {ILLC Talk, April 3, 1998},
  OPTkey = 	 {},
  OPTmonth = 	 {},
  OPTyear = 	 {},
  OPTannote = 	 {}
}

@InCollection{Eijck:sd,
  author = 	 "Eijck, J. van",
  title = 	 "Simpleton Domains",
  OPTcrossref =  "",
  OPTkey = 	 "",
  booktitle = "A Quick and Dynamic Intellect (Liber Amicorum for Paul Vitanyi)",
  publisher = "CWI",
  year = 	 "1996",
  OPTeditor = 	 "",
  OPTpages = 	 "",
  address = 	 "Amsterdam",
  OPTedition = 	 "",
  OPTmonth = 	 "",
  OPTnote = 	 "",
  OPTannote = 	 ""
}
		  
@techreport{Eijck:pwdpl,
  author = 	 {Eijck, J. van},
  title = 	 {Programming with Dynamic Predicate Logic},
  institution =  {ILLC},
  number      =  {CT-1998-06},
  note = 	 {Available from \verb^www.cwi.nl/~jve/dynamo^},
  OPTkey = 	 {},
  OPTmonth = 	 {},
  year = 	 {1998},
  annote = 	 {}
}

@Unpublished{Eijck:dalfdl,
  author = 	 {Eijck, J. van},
  title = 	 {Dynamo --- A Language for Dynamic Logic Programming},
  note = 	 {Manuscript, CWI/ILLC, December 1998. 
                  Available from \verb^www.cwi.nl/~jve/dynamo^},
  OPTkey = 	 {},
  OPTmonth = 	 {},
  OPTyear = 	 {},
  annote = 	 {}
}

@Unpublished{Eijck:pfcs,
  author = 	 {Eijck, J. van},
  title = 	 {Procedures for Computational Semantics},
  note = 	 {Lecture Notes, Spring 1998},
  OPTkey = 	 {},
  OPTmonth = 	 {},
  OPTyear = 	 {},
  OPTannote = 	 {}
}

@unpublished{Eijck:ffil, 
      author = {Eijck, J. van}, 
      title = {Formal Forays into Language}, 
      year = {Summer, 1995},
      note = {Lecture Notes, ESSLLI, Barcelona}
}

@Unpublished{Eijck:cwdfol,
  author = 	 {Eijck, J. van},
  title = 	 {Computing with Dynamic First Order Logic},
  note = 	 {Submitted. 
                  Available from \verb^http://www.cwi.nl/~jve/dynamo^}, 
  OPTkey = 	 {},
  OPTmonth = 	 {},
  year = 	 {2000},
  OPTannote = 	 {}
}

@Unpublished{EijHeg:dwch,
  author = 	 {Eijck, J. van and J. Heguiabehere}, 
  title = 	 {Dynamo with Constraint Handling}, 
  note = 	 {Manuscript, CWI/ILLC, October 1999, 
                  Available from \verb^www.cwi.nl/~jve/dynamo^},
  OPTkey = 	 {},
  OPTmonth = 	 {},
  OPTyear = 	 {},
  annote = 	 {}
}


		  

@Article{Eijck:tlws,
  author = 	 "Eijck, J. van",
  title = 	 "Typed Logics with States",
  OPTcrossref =  "",
  OPTkey = 	 "",
  journal = 	 "Logic Journal of the {IGPL}",
  year = 	 "1997",
  volume = 	 "5",
  number = 	 "5",
  pages = 	 "623--645",
  OPTmonth = 	 "",
  OPTnote = 	 "",
  OPTannote = 	 ""
}
		  
@TechReport{Eijck:drwvREP,
  author = 	 {Eijck, J. van},
  title = 	 {Dynamic Reasoning Without Variables},
  institution =  {ILLC},
  year = 	 {1997},
  OPTkey = 	 {},
  OPTtype = 	 {},
  number = 	 {LP-97-10},
  address = 	 {Amsterdam},
  month = 	 {December},
  OPTnote = 	 {},
  OPTannote = 	 {}
}
	
@incollection{EijKam:rdic,
	OPTauthor = {van Eijck, J. and H. Kamp},
	author = {Eijck, J. van and H. Kamp},
	title = {Representing Discourse in Context},
	year = {1997},
	booktitle = {Handbook of Logic and Language},
	editor = {Benthem, J. van and A. ter Meulen},
	publisher = {Elsevier, Amsterdam}, 
	pages = {179--237}
}

@techreport{EijNgu:utw,
	title = {Understanding the World: From Facts to Concepts, From Concepts to Propositions},
	author = {Eijck, J. van and Nguyen Quoc Toan},
	institution = {CWI},
	year = {February, 1993},
	number = {CS-N9301},
	address = {Amsterdam}
}



@InBook{EijSto04:tgodl,
  author =	 {Eijck, J. van and M. Stokhof},
  editor =	 {D.M. Gabbay and J. Woods},
  title = 	 {The Handbook of the History of Logic},
  chapter =      {The Gamut of Dymamic Logics},
  publisher = 	 {Elsevier},
  year = 	 {to appear},
  volume = 	 {6 --- Logic and the Modalities in the Twentieth Century}
}



@Book{EijThi:lvaei,
  author =	 {Eijck, Jan van and Elias Thijsse},
  title = 	 {Logica voor alfa's en informatici},
  publisher = 	 {Academic Service},
  year = 	 1989,
  url = "www.cwi.nl/~jve/lai/"}


@Book{EijVisOos04:lc99,
  editor =	 {Eijck, Jan van and Visser, Albert and Oostrom, Vincent van},
  title = 	 {Logic Colloquium '99},
  publisher = 	 {A.K. Peters},
  year = 	 2004,
  number =	 17,
  series =	 {Lecture Notes in Logic}
}

@book{EijVis:laif,
	title = {Logic and Information Flow},
	publisher = {MIT Press, Cambridge Mass},
	year = {1994},
	editor = {Eijck, J. van and A. Visser}
}

@incollection{EijVis:laifi,
	author = {Eijck, J. van and A. Visser},
	title = {Logic and Information Flow --- Introduction},
	booktitle = {Logic and Information Flow},
	year = {1994},
	publisher = {MIT Press, Cambridge Mass},
	editor = {Eijck, J. van and A. Visser}, 
        pages = {1--14}
}

@inproceedings{EijVri:asaccf,
	author = {Eijck, J. van and F.J. de Vries},
	title = {A Sound and Complete Calculus for Update Logic},
	booktitle = {Proceedings of the Eighth Amsterdam Colloquium},
	year = {1992},
	organization = {ILLC, Amsterdam},
	pages = {133--152},
	editor = {P. Dekker and M. Stokhof}
}

@article{EijVri:diahd,
	author = {Eijck, J. van and F.J. de Vries},
	title = {Dynamic Interpretation and {H}oare Deduction},
	journal = {Journal of Logic, Language, and Information},
	year = {1992},
	volume = {1},
	pages = {1--44}
}

@article{EijVri:raul,
	title = {Reasoning About Update Logic},
	author = {Eijck, J. van and F.J. de Vries},
	year = {1995},
        journal = {Journal of Philosophical Logic}, 
        volume = {24}, 
        pages = {19--45}
}

@PhdThesis{Elbers,
  author = 	 {H. Elbers},
  title = 	 {Connecting Informal and Formal Mathematics},
  school = 	 {Technical University Eindhoven},
  year = 	 {1998},
  OPTkey = 	 {},
  OPTtype = 	 {},
  OPTaddress = 	 {},
  OPTmonth = 	 {},
  note = 	 {Promotores: A. Cohen and J.W. Klop},
  OPTannote = 	 {}
}

@InProceedings{EmdJan:mgapl,
  author = 	 {Emde Boas, P. van and T. Janssen},
  title = 	 {Montague Grammar and Programming Languages},
  booktitle = 	 {Proceedings of the Second Amsterdam Colloquium},
  OPTcrossref =  {},
  OPTkey = 	 {},
  pages = 	 {101--124},
  year = 	 {1978},
  editor = 	 {J Groenendijk and M. Stokhof},
  OPTvolume = 	 {},
  OPTnumber = 	 {},
  OPTseries = 	 {},
  address = 	 {Philosophy Department, University of Amsterdam},
  OPTmonth = 	 {},
  OPTorganization = {},
  OPTpublisher = {},
  OPTnote = 	 {},
  OPTannote = 	 {}
}

@incollection{Emerson:taml,
	author = {E.A. Emerson},
	title = {Temporal and Modal Logic},
	booktitle = {Handbook of Theoretical Computer Science, Volume B},
	year = {1990},
	publisher = {Elsevier, Amsterdam},
	editor = {Leeuwen, J. van},
	pages = {995--1072},
	place = {Amsterdam}
}


@PhDThesis{Enc:twsaao,
  author = 	"En{\c{c}}, M.",
  fullname =	"En{\c{c}}, M{\"{u}}rvet",
  title = 	"Tense Without Scope: An Analysis of Nouns as Indexicals",
  school = 	"University of Wisconsin",
  year = 	"1981",
  address = 	"Madison, WI",
  note = 	"Distributed by IULC"
}


@phdthesis{Enc:twsaaonai,
	author = {M. En\c{c}},
	title = {Tense without Scope: An Analysis of Nouns as Indexicals.},
	school = {University of Wisconsin at Madison},
	year = {1981}
}

@book{Engdal:cq,
        author = {Engdal, E.}, 
        title = {Constituent Questions}, 
        publisher = {Kluwer, Dordrecht}, 
        year = {1986}
}


@Book{Engdahl:cq,
  author = 	"Engdahl, E.",
  fullname =	"Engdahl, Elisabet",
  title = 	"Constituent Questions",
  publisher = 	"D. Reidel",
  year = 	"1986",
  volume = 	"",
  series = 	"",
  address = 	"Dordrecht",
  edition = 	"",
  month = 	"",
  note = 	""
}


@InCollection{Engdal:araa, 
  author = 	"Engdal, E.",
  title = 	"Argument Roles and Anaphora",
  booktitle = 	"Situation Theory and its Applications, volume {I} ",
  publisher = 	"CSLI and University of Chicago",
  year = 	"1990",
  editor = 	"Cooper, R. and Mukai, K. and Perry, J.",
  pages = 	"379--393",
  address = 	"Stanford"
}



@unpublished{EngTre:ttor, 
        author = {J. Engelfriet and J. Treur}, 
        title = {Temporal Theories of Reasoning}, 
        note = {To appear in: Proceedings Fourth International Workshop on Logics in AI}, 
        year = {1994}
}

@book{Enderton:amitl,
	title = {A Mathematical Introduction to Logic},
	publisher = {Academic Press, New York},
	year = {1972},
	author = {H.B. Enderton},
	place = {New York}
}

@Article{EnjFar89:mricf,
  author = 	 {P. Enjalbert and Fari\~{n}as del Cerro, F.},
  title = 	 {Modal Resolution in Clausal Form},
  journal = 	 {Theoretical Computer Science},
  year = 	 {1989},
  OPTkey = 	 {},
  volume = 	 {14},
  OPTnumber = 	 {},
  pages = 	 {1--33},
  OPTmonth = 	 {},
  OPTnote = 	 {},
  OPTannote = 	 {}
}

@article{Escriba:tfsfss, 
     author = {J.B. Escriba}, 
     title = {Two Formal Systems for Situation Semantics}, 
     journal = {Notre Dame Journal of Formal Logic}, 
     volume = {33}, 
     year = {1992},
     pages = {70--88}
}

@Book{Euclid:ttbote,
  author = 	 {Euclid},
  ALTeditor = 	 {},
  title = 	 {The Thirteen Books of the {E}lements, 
                  with Introduction and Commentary by Sir {T}homas {L}.~Heath},
  publisher = 	 {Dover},
  year = 	 {1956},
  OPTkey = 	 {},
  volume = 	 {},
  OPTnumber = 	 {},
  OPTseries = 	 {},
  OPTaddress = 	 {},
  OPTedition = 	 {},
  OPTmonth = 	 {},
  OPTnote = 	 {Three volumes},
  annote = 	 {See also 
    \url{http://aleph0.clarku.edu/~djoyce/java/elements/elements.html}}
}

@article{Evans:pqarc,
	author = {Evans, G.},
	title = {Pronouns, Quantifiers and Relative Clauses},
	journal = {Canadian Journal of Philosophy},
	year = {1977},
	volume = {7},	
	pages = {467--536}
}

@article{Evans:p,
	author = {G. Evans},
	title = {Pronouns},
	journal = {Linguistic Inquiry},
	year = {1980},
	volume = {11},
	pages = {337-362}
}

%F 

@incollection{FabriciusHansen:t,
	author = {Fabricius-Hansen, C.},
	title = {Tempus},
	booktitle = {Semantik (HSK)},
	year = {1991},
	publisher = {Walter de Gruyter, Berlin},
	editor = {Stechow, A. von and Wunderlich, D.},
	pages = {722-748},
	address = {Berlin}
}

@article{FagHal:baalr,
	author = {R. Fagin and J.Y. Halpern},
	title = {Belief, awareness and limited reasoning},
	journal = {Artificial Intelligence},
	year = {1988},
	volume = {34},
	pages = {39--76}
}

@article{FagHal:ioiyo,
	author = {R. Fagin and J.Y. Halpern},
	title = {I'm {OK} if you're {OK}},
	journal = {Journal of Philosophical Logic},
	year = {1988},
	volume = {17},
	pages = {329--354}
}



@Book{FagHalMosVar:rak,
  author = 	 {R. Fagin and J.Y. Halpern and Y. Moses and M.Y. Vardi},
  ALTeditor = 	 {},
  title = 	 {Reasoning about Knowledge},
  publisher = 	 {MIT Press},
  year = 	 {1995},
  OPTkey = 	 {},
  OPTvolume = 	 {},
  OPTnumber = 	 {},
  OPTseries = 	 {},
  OPTaddress = 	 {},
  OPTedition = 	 {},
  OPTmonth = 	 {},
  OPTnote = 	 {},
  OPTannote = 	 {}
}

@unpublished{Fernando:auosrt,
	author = {T. Fernando},
	title = {A Universal Operational Semantics Related to Certain Non-standard Constructions},
	note = {Manuscript, CWI, Amsterdam},
	year = {1992}
}

@unpublished{Fernando:bat,
	author = {Fernando, T.},
	title = {Bisimulations and Types},
	note = {Manuscript, CWI, Amsterdam},
	year = {1992}
}

@techreport{Fernando:aprstaa,
	title = {A primitive recursive set theory and AFA},
	author = {Fernando, T.},
	institution = {CWI},
	year = {1992},
	number = {CS-R9213},
	month = {March},
	address = {Amsterdam}
}

@article{Fernando:bapl,
	title = {Bisimulations and predicate logic},
	author = {Fernando, T.},
        journal = {Journal of Symbolic Logic}, 
        pages = {924--944}, 
        year = {1994}
}

@inproceedings{Fernando:ctss,
	author = {Fernando, T.},
	title = {Comparative transition system semantics},
	booktitle = {Computer Science Logic: Selected Papers from CSL '92},
	year = {To appear},
	publisher = {Springer-Verlag, Berlin},
	note = {An earlier version appeared as CWI Report CS-R9222, July 1992},
	editors = {E. B\mbox {\"{o}}rger et al.}
}

@techreport{Fernando:osbalc,
	title = {Operational Semantics, Bisimulations and Logical Complexity},
	author = {Fernando, T.},
	institution = {CWI},
	year = {1993},
	number = {CS-R9355},
	month = {August},
	address = {Amsterdam}
}

@techreport{Fernando:prp,
	title = {Provably recursive programs},
	author = {Fernando, T.},
	institution = {CWI},
	year = {March, 1992},
	number = {CS-R9212},
	address = {Amsterdam}
}

@inproceedings{Fernando:tdsb,
	author = {T. Fernando},
	title = {The Donkey Strikes Back},
	booktitle = {Sixth Conference of the European Chapter of the Association for Computational Linguistics --- Proceedings of the Conference},
	year = {1993},
	publisher = {ACL},
	pages = {130--138},
	editor = {S. Krauwer and M. Moortgat and Louis des Tombe}
}

@techreport{Fernando:tsads,
	title = {Transition systems and dynamic semantics},
	author = {Fernando, T.},
	institution = {CWI},
	year = {June, 1992},
	number = {CS-R9217},
	address = {Amsterdam}
}

@unpublished{Fernando:tsofom,
	author = {T. Fernando},
	title = {Transition Systems Over First Order Models},
	note = {Manuscript, CWI, Amsterdam},
	year = {1991}
}

@article{Fine:lck,
	author = {K. Fine},
	title = {Logics Containing K4},
	journal = {Journal of Symbolic Logic},
	year = {1974},
	volume = {39},
	pages = {31-42}
}

@inproceedings{Fine:scbeam,
	author = {K. Fine},
	title = {Some Connections Between Elementary and Modal Logic},
	booktitle = {Proceedings of the third Scandinavian Logic 
        Symposium, Uppsala 1973},
	year = {1975},
	publisher = {North-Holland, Amsterdam},
	pages = {15--31},
	editor = {S. Kanger}
}

@article{Fine:tval,
	author = {Fine, K. },
	title = {Truth, Vagueness and Logic},
	journal = {Synthese},
	year = {1975},
	volume = {30}
}

@book{Fine:rwao, 
	author = {Fine, K. },
	title = {Reasoning With Arbitrary Objects},
	publisher = {Blackwell, Oxford},
	year = {1985}
}

@article{FinGab:aatdta,
	author = {Finger , M.  and D.M. Gabbay},
	title = {Adding a Temporal Dimension to a Logic System},
	journal = {Journal of Logic, Language, and Information},
	year = {1992},
	volume = {1},
	pages = {203-233}
}

@Article{FisLad:pdlorp,
  author = 	 {Michael J. Fischer and Richard E. Ladner},
  title = 	 {Propositional dynamic logic of regular programs},
  journal = 	 {Journal of Computer and System Sciences},
  year = 	 1979,
  volume =	 18,
  number =	 2,
  pages =	 {194--211}
}

@Book{Fitting:pmfmail,
  author = 	 {M. Fitting},
  ALTeditor = 	 {},
  title = 	 {Proof Methods for Modal and Intuitionistic Logics},
  publisher = 	 {Reidel},
  year = 	 {1983},
  OPTkey = 	 {},
  OPTvolume = 	 {},
  OPTnumber = 	 {},
  OPTseries = 	 {},
  address = 	 {Dordrecht},
  OPTedition = 	 {},
  OPTmonth = 	 {},
  OPTnote = 	 {},
  OPTannote = 	 {}
}

@book{Fitting:ilmtf,
      title = {Intuitionistic Logic: Model Theory and Forcing},
      author = {M.C. Fitting},
      publisher = {North Holland},
      address = {Amsterdam},
      series = {Studies in Logic and the Foundations of Mathematics},
      year = {1969}
}

@book{Fitting:flaatp,
	title = {First-order Logic and Automated Theorem Proving; 
                 Second Edition},
	publisher = {Springer Verlag, Berlin},
	year = {1996},
	author = {Fitting, M.}
}

@book{Fodor:tlot,
	title = {The Language of Thought},
	publisher = {Harvard University Press},
	year = {1975},
	author = {J. Fodor}
}

@InProceedings{Floyd:amtp,
  author = 	 {R.W. Floyd},
  title = 	 {Assigning Meanings to Programs},
  booktitle = 	 {Proceedings {AMS} Symposium Applied Mathematics},
  OPTcrossref =  {},
  OPTkey = 	 {},
  pages = 	 {19--31},
  year = 	 {1967},
  OPTeditor = 	 {},
  volume = 	 {19},
  OPTnumber = 	 {},
  OPTseries = 	 {},
  address = 	 {Providence, R.I.},
  OPTmonth = 	 {},
  OPTorganization = {},
  publisher = {American Mathematical Society},
  OPTnote = 	 {},
  OPTannote = 	 {}
}



@Book{Fokkink:itpa,
  author = 	 {W. Fokkink},
  ALTeditor = 	 {},
  title = 	 {Introduction to Process Algebra},
  publisher = 	 {Springer},
  year = 	 {2000},
  OPTkey = 	 {},
  OPTvolume = 	 {},
  OPTnumber = 	 {},
  OPTseries = 	 {},
  OPTaddress = 	 {},
  OPTedition = 	 {},
  OPTmonth = 	 {},
  OPTnote = 	 {},
  OPTannote = 	 {}
}

@Article{FokZan:bpawi,
  author = 	 {W.J. Fokkink and H. Zantema},
  title = 	 {Basic Process Algebra with Iteration: Completeness of 
                  its Equational Axioms},
  journal = 	 {The Computer Journal}},
  year = 	 {1994},
  OPTkey = 	 {},
  volume = 	 {34},
  OPTnumber = 	 {},
  pages = 	 {259--267},
  OPTmonth = 	 {},
  OPTnote = 	 {},
  OPTannote = 	 {}
}

@unpublished{Fox:apamti,
	author =	"Fox, C.J.",
	year =		"1992",
	title =		"Plurals and Mass Terms in Property Theory",
	note =          "M.s.\ University of Essex.  To appear as part of a
                         collection of papers on plurality"
}


@phdthesis{Fox:pamtip,
	author = {Fox, C.J.},
	title = {Plurals and Mass Terms in Property Theory},
	school = {University of Essex},
	year = {1993},
	address = {Colchester, U.K.}
}

@inproceedings{Fox:iatg,
   author =    "Chris Fox",
   year =      1994,
   title =     "Individuals and Their Guises:
                A Property-theoretic Analysis",
   booktitle = "Proceedings of the Ninth Amsterdam Colloquium, 
                December 1993",
   editors =   "Dekker, P. and Stokhof, M.",
   volume =	"II",
   pages =     "301--312"
}

@article{Fraassen:sttgaf,
        author = {B.C. van Fraassen},
        title = {Singular Terms, Truth-Value Gaps and Free Logic},
        journal = {Journal of Philosophy},
        year = {1966},
        volume = {63},
        pages = {481--495}
}



@Unpublished{FraRij04:mcfhl,
  author = 	 {M. Franceschet and M. de Rijke},
  title = 	 {Model Checking for Hybrid Logic},
  note = 	 {Manuscript, University of Amsterdam},
  OPTkey = 	 {},
  OPTmonth = 	 {},
  OPTyear = 	 {2004},
  OPTannote = 	 {}
}

@unpublished{Frank:zhaadi,
        author = {Frank, A.},
        title = {Zu Heim's Analyse anaphorischer Dependenzen in
                  Einstellungskontexten},
        note = {ms., IMS Stuttgart},
        year = {1994}
}


@Book{FraKuc:faoeu,
  author = 	"Francis, W. N. and Kucera, H.",
  fullname = 	"Francis, W. Nelson and Kucera, Henry",
  title = 	"Frequency Analysis of English Usage: lexicon and grammar",
  publisher = 	"Houghton MIfflin",
  year = 	"1982",
  address = 	"Boston",
  note = 	""
}


@incollection{FraRey:htcwsac, 
        author = {Frank, A. and Reyle, U.}, 
        title = {How to cope with Scrambling and Scope}, 
        booktitle = {CONVENS 92}, 
        editor = {G\"{o}rtz, G.}, 
        pages = {},
        publisher = {Springer, Berlin}, 
	year = {1992}
}


@techreport{FraRey:pbsfh,
	title = {Principle Based Semantics for HPSG},
	author = {Frank, A. and Reyle, U.},
	institution = {IMS Stuttgart, Germany},
	year = {1994},
	type = {to appear in: Arbeitspapiere des Sonderforschungsbereichs 340},
	number = {}
}


@book{Frege:b, 
        author = {G. Frege}, 
        title = {Begriffsschrift, eine der arithmetischen
		  nachgebildete {F}ormelprache des reinen {D}enkens}, 
        publisher = {Verlag Nebert, Halle}, 
        year = {1879}
}

@incollection{Frege:bafl, 
  author = {G. Frege}, 
  title = {Begriffsschrift, a formula language, modeled upon that of 
  arithmetic, of pure thought}, 
  booktitle = {From {F}rege to {G}\"odel}, 
  editor = {Heijenoord, J. van}, 
  pages = {1--82}, 
  year = {1967}, 
  publisher = {Harvard University Press} 
} 
 
@unpublished{Frege:usub,
	author = {G. Frege},
	title = {Ueber Sinn und Bedeutung},
	note = {Translated as `On Sense and Reference' in Geach and Black  (eds.), Translations from the Philosophical Writings of  Gottlob Frege, 
Blackwell, Oxford (1952)},
	year = {1892}
}


@book{Frey:sbfdsi, 
        author = {W. Frey}, 
        title = {Syntaktische Bedingungen f\"{u}r die semantische
		  Interpretation}, 
        series = {studia grammatica}, 
        publisher = {Akademie Verlag, Berlin}, 
        year = {1993}
}


@techreport{FreTap:zidxbtuzsdm,
	title = {Zur Interpretation der X-bar Theorie und zur Syntax
		  des Mittelfeldes. Grundlagen eines GB-Fragments.},
	author = {Frey, W. and Tappe, T.},
	institution = {IMS Stuttgart, Germany},
	year = {1992},
	type = {Arbeitspapiere des Sonderforschungsbereichs 340},
	number = {}
}

@InCollection{Friedman:ebf,
  author = 	 "H. Friedman",
  title = 	 "Equality Between Functionals",
  OPTcrossref =  "",
  OPTkey = 	 "",
  booktitle = "Logic Colloquium, Boston 1972--1973",
  OPTpublisher = "",
  year = 	 "1975",
  editor = 	 "R. Parikh",
  OPTvolume = 	 "",
  OPTnumber = 	 "",
  OPTseries = 	 "",
  OPTtype = 	 "",
  OPTchapter = 	 "",
  pages = 	 "22--37",
  OPTaddress = 	 "",
  OPTedition = 	 "",
  OPTmonth = 	 "",
  OPTnote = 	 "",
  OPTannote = 	 ""
}

@Article{FroLau89:cnli,
  author = 	 {R. Frost and J. Launchbury},
  title = 	 {Constructing natural language interpreters 
                  in a lazy functional language},
  journal = 	 {The Computer Journal},
  year = 	 1989,
  volume =	 32,
  number =	 2,
  pages =	 {108--121}
}

@incollection{Fuhrmann:mltc,
      author = {A. Fuhrmann},
      title = {On The Modal Logic of Theory Change},
      booktitle = {The Logic of Theory Change},
      editor = {A. Fuhrmann and M. Morreau},
      year = {1991},
      publisher = {Springer Verlag},
      address = {Heidelberg},
      pages = {259--281},
      series = {Lecture Notes in  Artificial Intelligence 465}
}

@InProceedings{Gabbay:apwdr,
  author = 	 {D.M. Gabbay},
  title = 	 {Algorithmic Proof with Diminishing Resources, {P}art 1},
  booktitle = 	 {{CSL}'90},
  OPTcrossref =  {},
  OPTkey = 	 {},
  pages = 	 {156--173},
  year = 	 {1991},
  editor = 	 {E. B\"orger},
  OPTvolume = 	 {},
  OPTnumber = 	 {},
  series = 	 {{LNCS} 533},
  OPTaddress = 	 {},
  OPTmonth = 	 {},
  OPTorganization = {},
  publisher = {Springer},
  OPTnote = 	 {},
  OPTannote = 	 {}
}

%G 



@book{Gallin:iahml,
	title = {Intensional and Higher-Order Modal Logic; 
		 with Applications to Montague Semantics},
	publisher = {North Holland, Amsterdam},
	year = {1975},
	author = {D. Gallin}
}

@book{Gamut:llampo,
	title = {Language, Logic and Meaning, Part 1},
	publisher = {Chicago University Press, Chicago},
	year = {1991},
	author = {L.T.F. Gamut}
}

@book{Gamut:llampt,
	title = {Language, Logic and Meaning, Part 2},
	publisher = {Chicago University Press, Chicago},
	year = {1991},
	author = {L.T.F. Gamut}
}


@Book{GanWil:fca,
  author = 	 {B. Ganter and R. Wille},
  ALTeditor = 	 {},
  title = 	 {Formal Concept Analysis --- Mathematical Foundations},
  publisher = 	 {Springer},
  year = 	 {1999},
  OPTkey = 	 {},
  OPTvolume = 	 {},
  OPTnumber = 	 {},
  OPTseries = 	 {},
  OPTaddress = 	 {},
  OPTedition = 	 {},
  OPTmonth = 	 {},
  OPTnote = 	 {},
  OPTannote = 	 {}
}

@Book{GanWil:fbmg,
  author = 	 {B. Ganter and R. Wille},
  ALTeditor = 	 {},
  title = 	 {Formale {B}egriffsanalyse: {M}athematische {G}rundlagen},
  publisher = 	 {Springer},
  year = 	 {1996},
  OPTkey = 	 {},
  OPTvolume = 	 {},
  OPTnumber = 	 {},
  OPTseries = 	 {},
  OPTaddress = 	 {},
  OPTedition = 	 {},
  OPTmonth = 	 {},
  OPTnote = 	 {},
  OPTannote = 	 {}
}

@book{Gardenfors:gq,
	editor	= "G{\"a}rdenfors, P.",
	title = "Generalized Quantifiers",
	booktitle = "Generalized Quantifiers",
	publisher = "D. Reidel",
	address	= "Dordrecht, The Netherlands",
	year 	= 1987,
	topics 	= {generalized quantifiers, proportion problem, projection},
	source	= {HAVE}
	} 


@book{Gardenfors:kif,
	title = {Knowledge in Flux: Modelling the Dynamics of Epistemic States},
	publisher = {MIT Press, Cambridge Mass},
	year = {1988},
	author = {P. G\"{a}rdenfors},
	place = {Cambridge, Mass.\ and London}
}

@article{Gardenfors:dbsfvct,
      author = {P. G\"{a}rdenfors},
      title = {The Dynamics of Belief Systems: Foundations vs. Coherence 
               Theories},
      journal = {Revue Internationale de Philosophie},
      volume = {172},
      year = {1990},
      pages = {24--46}
}

@Article{Gardenfors:teom,
  author = 	 {P. G\"{a}rdenfors},
  title = 	 "The emergence of meaning",
  journal = 	 "Linguistics and Philosophy",
  year = 	 "1993",
  volume = 	 "16",
  pages = 	 "285--309"
}

@Article{Gardenfors:ffp,
  author = 	 {P. G\"{a}rdenfors},
  title = 	 {Framework for properties: possible worlds
		  vs. conceptual spaces},
  journal = 	 "Acta Philosophica Fennica",
  year = 	 "1993",
  volume = 	 "49",
  pages = 	 "383--407"
}

@incollection{GarMak:rksuet,
      author = {P. G\"{a}rdenfors and D. Makinson},
      title = {Revisions of knowledge systems using epistemic entrenchment},
      booktitle = {Theoretical Aspects of Reasoning about Knowledge: 
                   Proceedings of
                   the Second Conference},
      editor ={M.Y. Vardi},
      publisher = {Morgan Kaufmann},
      address = {Los Altos},
      year = {1988},
      pages = {83--96}
}

@incollection{Gardent:dsav,
	author = {C. Gardent},
	title = {Dynamic Semantics and VP-ellipsis},
	booktitle = {Logics in AI / European Workshop JELIA '90 / Amsterdam, The Netherlands, September 1990 / Proceedings},
	year = {1991},
	publisher = {Springer Verlag, Berlin},
	editor = {Eijck, J. van},
	pages = {251--266},
	series = {Lecture Notes in Artificial Intelligence 478},
	place = {Berlin}
}

@phdthesis{Gardent:gaveia,
	author = {Gardent, C.},
	title = {Gapping and VP Ellipsis in a Unification-Based Grammar},
	school = {Univ. of Edinburgh},
	year = {1991}
}

@inproceedings{Gardent:auatmv,
        author = {C. Gardent},
        title = {A Unification-Based Approach to Multiple VP 
                 Ellipsis Resolution},
        booktitle = {Proceedings 6th European ACL},
        year = {1993},
        pages = {139--148}
}

@book{GawPet:aaqiss,
	title = {Anaphora and Quantification in Situation Semantics},
	publisher = {CSLI, Stanford},
	year = {1990},
	author = {Gawron, M. and Peters, S.},
	series = {CSLI Lecture Notes},
	address = {Stanford, CA.},
	number = {19}
}

@InCollection{Gazdar88:aoigtnl,
  author = 	 {G. Gazdar},
  title = 	 {Applicability of indexed grammars to natural languages},
  booktitle = 	 {Natural Language Parsing and Linguistic Theories},
  pages =	 {69--94},
  publisher =	 {Reidel},
  year =	 1988,
  editor =	 {U. Reyle and C. Rohrer},
  address =	 {Dordrecht}
}

@incollection{Gazdar:asttpp,
	author = {G. Gazdar},
	title = {A Solution to the Projection Problem},
	booktitle = {Syntax and Semantics 11: Presupposition},
	year = {1979},
	publisher = {Academic Press, New York},
	editor = {C.-K. Oh and D. Dinneen},
	pages = {57--89},
	place = {New York}
}

@book{GazKlePulSag:gpsg, 
      title = {Generalized Phrase Structure Grammar}, 
      author = {G. Gazdar and E. Klein and G. Pullum and I. Sag}, 
      publisher = {Basil Blackwell}, 
      year = {1985}, 
      address = {Oxford}
}
     
@book{GeaBla:tftpwo,
	title = {Translations from the Philosophical Writings of Gottlob Frege},
	publisher = {Basil Blackwell, Oxford},
	year = {1952},
	editor = {P. Geach and M. Black},
	place = {Oxford}
}

@book{Geach:rag,
	title = {Reference and Generality: 
        An Examination of Some Medieval and Modern Theories},
	publisher = {Cornell University Press, Ithaca},
	year = {1962 (Third revised edition: 1980)},
	author = {P.T. Geach},
	place = {Ithaca and London}
}


@Unpublished{GenKam:drt,
  author = 	 "J.~van Genabith and H.~Kamp",
  title = 	 "Discourse representation theory",
  note = 	 "Draft of W2-deliverable",
  year =	 1994,
  month =	 "June"
}

		 		  

@PhdThesis{Gerbrandy99:bopk,
  author = 	 {J. Gerbrandy},
  title = 	 {Bisimulations on planet {K}ripke},
  school = 	 {ILLC},
  year = 	 {1999},
  OPTkey = 	 {},
  OPTtype = 	 {},
  OPTaddress = 	 {Amsterdam},
  OPTmonth = 	 {},
  OPTnote = 	 {},
  OPTannote = 	 {}
}

@InCollection{Gerbrandy99:del,
  author = 	 {J. Gerbrandy},
  title = 	 {Dynamic Epistemic Logic},
  booktitle = 	 {Logic, Language and Information, Vol. 2},
  publisher =	 {CSLI Publications},
  year =	 1999,
  editor =	 {Moss, L.S. and others},
  address =	 {Stanford}
}

@inproceedings{Giese:pswbui,
   author = {Martin Giese},
   title  = {Proof Search without Backtracking using Instance Streams, 
             Position Paper},
   booktitle = {Proc.\ Int.\ Workshop on First-Order Theorem Proving, 
                St.\ Andrews, Scotland},
   year = {2000},
   note = {Available online at
  \href{http://i12www.ira.uka.de/~key/doc/2000/giese00.ps.gz}
       {\texttt{http://i12www.ira.uka.de/\~{}key/doc/2000/giese00.ps.gz}}}
}


@Unpublished{ghc,
  author = 	 {The {GHC} Team},
  title = 	 {The {G}lasgow {H}askell Compiler ({GHC})},
  note = 	 {\url{http://www.haskell.org/ghc/}},
  OPTkey = 	 {},
  OPTmonth = 	 {},
  OPTyear = 	 {},
  OPTannote = 	 {}
}

@InProceedings{Giese:icofvt,
  author = 	 {Martin Giese},
  title = 	 {Incremental Closure of Free Variable Tableaux},
  booktitle = 	 {{IJCAR} 2001 Proceedings},
  OPTcrossref =  {},
  OPTkey = 	 {},
  OPTpages = 	 {},
  year = 	 {2001},
  OPTeditor = 	 {},
  OPTvolume = 	 {},
  OPTnumber = 	 {},
  OPTseries = 	 {},
  OPTaddress = 	 {},
  OPTmonth = 	 {},
  OPTorganization = {},
  OPTpublisher = {},
  OPTnote = 	 {},
  OPTannote = 	 {}
}

@incollection{Gilmore:tcopst, 
   author = {P.C. Gilmore}, 
   title = {The Consistency of Partial Set Theory without
		  Extensionality}, 
   booktitle = {Axiomatic Set Theory, Proceedings of Symposia in Pure 
                Mathematics, Part {II}}, 
   publisher = {AMS}, 
   address = {Providence}, 
   year = {1974}
}

@Article{Ginsberg:c,
  author = 	 "Ginsberg, M.",
  title = 	 "Counterfactuals",
  journal =	 "Artificial Intelligene",
  year =	 1986,
  number =	 30,
  pages =	 "35--79"
}

@InProceedings{GinGre67:afol,
  author = 	 {S. Ginsburg and S.A. Greibach},
  title = 	 {Abstract Families of Languages},
  booktitle = 	 {Eight Annual Symposium on Switching and Automata Theory},
  pages =	 {128--139},
  year =	 1967,
  organization = {{IEEE}}
}

@inproceedings{Ginzberg:bamo, 
        author = {M.L. Ginzberg}, 
        title = {Bilattices and Modal Operators}, 
        booktitle = {Theoretical Aspects of Reasoning about Knowledge}, 
        pages = {273--287}, 
        year = {1990}
}

@PhDThesis{Ginzburg:qqafas,
  author = 	"Ginzburg, J.",
  title = 	"Questions, Queries and Facts: a Semantics and Pragmatics for
		 Interrogatives",
  school = 	"Stanford University",
  year = 	"1992",
  address = 	"",
  month = 	"",
  note = 	""
}

@PhDThesis{Ginzburg:qqaf,        
  author = 	"Ginzburg, J.",
  title = 	"Questions, Queries and Facts: a Semantics and Pragmatics for
		 Interrogatives",
  school = 	"Stanford University",
  year = 	"1992",
  address = 	"",
  month = 	"",
  note = 	"",
  topics =	"natural language semantics questions wh-phrases"
}

@TechReport{Ginzburg:rq,           
  author = 	"Ginzburg, J.",
  fullname =	"Ginzburg, Jonathan",
  title = 	"Resolving Questions",
  institution = 	"University of Edinburgh, Human Communication 
			 Research Centre ",
  year = 	"1993",
  type = 	"Research Paper",
  number = 	"HCRC/RP-46",
  address = 	"Edinburgh, Scotland",
  month = 	"",
  note = 	"",
  topics =	"natural language semantics questions"
}

@phdthesis{Glabbeek:ccsaro,
     author = {Glabbeek, R.~van}, 
     title = {Comparative Concurrency Semantics and Refinement of Actions}, 
     school = {Free University}, 
     address  = {Amsterdam}, 
     year = {1990} 
}

@PhDThesis{Glasbey:esinld,                 
  author = 	"Glasbey, S.",
  fullname = 	"Glasbey, Sheila",
  title = 	"Event Structure in Natural Language Discourse",
  school = 	"University of Edinburgh, Centre for Cognitive Science",
  year = 	1994,
  address = 	"",
  month = 	"",
  note = 	"",
  topics =	"natural language semantics tense aspect progressive"
}




@Book{Goldblatt:atlocp,
  author = 	 {R. Goldblatt},
  ALTeditor = 	 {},
  title = 	 {Axiomatising the Logic of Computer Programming},
  publisher = 	 {Springer},
  year = 	 {1982},
  OPTkey = 	 {},
  OPTvolume = 	 {},
  OPTnumber = 	 {},
  OPTseries = 	 {},
  OPTaddress = 	 {},
  OPTedition = 	 {},
  OPTmonth = 	 {},
  OPTnote = 	 {},
  OPTannote = 	 {}
}

@book{Goldblatt:lotac,
	title = {Logics of Time and Computation, Second Edition, Revised and Expanded},
	publisher = {CSLI, Stanford},
	year = {1992 (first edition 1987)},
	author = {R. Goldblatt},
	volume = {7},
	series = {CSLI Lecture Notes},
	note = {Distributed by University of Chicago Press}
}

@unpublished{Goldblatt:sathp, 
  author = {R. Goldblatt}, 
  title = {Saturation and the {H}ennesy-{M}ilner Property}, 
  note = {manuscript}, 
  year = {1994}
}

@InCollection{Goranko94:tlwrp,
  author = 	 {Goranko, V},
  title = 	 {Temporal logic with reference pointers}, 
  booktitle = 	 {Temporal logic},
  OPTcrossref =  {},
  OPTkey = 	 {},
  pages = 	 {133-148},
  publisher =    {Springer},
  year = 	 {1994},
  editor = 	 {D. Gabbay and H. J. Ohlbach},
  OPTvolume = 	 {},
  OPTnumber = 	 {},
  OPTseries = 	 {},
  OPTtype = 	 {},
  OPTchapter = 	 {},
  OPTaddress = 	 {},
  OPTedition = 	 {},
  OPTmonth = 	 {},
  OPTnote = 	 {},
  OPTannote = 	 {}
}

@Article{Goranko:homatl,
  author = 	 {V. Goranko},
  title = 	 {Hierarchies of Modal and Temporal Logics with Reference 
                  Pointers},
  journal = 	 {Journal of Logic, Language and Information},
  year = 	 {1996},
  OPTkey = 	 {},
  volume = 	 {5},
  number = 	 {1},
  pages = 	 {1--24},
  OPTmonth = 	 {},
  OPTnote = 	 {},
  OPTannote = 	 {}
}

@Book{Gordon:pltaii,
  author =	 {M.J.C. Gordon},
  title = 	 {Programming language theory and its implementation:
                        applicative and imperative paradigms},
  publisher = 	 {Prentice Hall},
  year = 	 1988
}


@Book{Gowers:dkiw,
  author = 	 {T. Gowers},
  ALTeditor = 	 {},
  title = 	 {De kortste introductie wiskunde},
  publisher = 	 {Spectrum},
  year = 	 {2002},
  OPTkey = 	 {},
  OPTvolume = 	 {},
  OPTnumber = 	 {},
  OPTseries = 	 {},
  OPTaddress = 	 {},
  OPTedition = 	 {},
  OPTmonth = 	 {},
  OPTnote = 	 {},
  OPTannote = 	 {}
}

@TechReport{GraWal:gfpl,
  author = 	 {E. Gr\"adel and I. Walukiewicz},
  title = 	 {Guarded Fixed Point Logic},
  institution =  {RWTH Aachen},
  year = 	 {1999},
  OPTkey = 	 {},
  OPTtype = 	 {},
  OPTnumber = 	 {},
  OPTaddress = 	 {},
  OPTmonth = 	 {},
  OPTnote = 	 {},
  OPTannote = 	 {}
}

@Article{Graedel:otrpog,
  author = 	 {E. Gr\"{a}del},
  title = 	 {On the Restraining Power of Guards},
  journal = 	 {Journal of Symbolic Logic},
  year = 	 {1999},
  OPTkey = 	 {},
  volume = 	 {64},
  number = 	 {4},
  pages = 	 {1719--1742},
  OPTmonth = 	 {},
  OPTnote = 	 {},
  OPTannote = 	 {}
}

@Book{GraKnuPat:cm,
  author = 	 "R.L. Graham and D.E. Knuth and O. Patashnik",
  title = 	 "Concrete Mathematics",
  publisher = 	 "Addison Wesley",
  year = 	 "1989",
  address = 	 "Reading, Mass"
}



@Book{Greenberg:eang,
  author = 	 {M.J. Greenberg},
  ALTeditor = 	 {},
  title = 	 {Euclidean and {N}on-{E}uclidean {G}eometries},
  publisher = 	 {W.H. Freeman},
  year = 	 {1974},
  OPTkey = 	 {},
  OPTvolume = 	 {},
  OPTnumber = 	 {},
  OPTseries = 	 {},
  OPTaddress = 	 {},
  OPTedition = 	 {},
  OPTmonth = 	 {},
  note = 	 {Reprinted in 1996},
  OPTannote = 	 {}
}

@incollection{Grice:lac,
	author = {H.P. Grice},
	title = {Logic and Conversation},
	booktitle = {Speech Acts, Syntax and Semantics, Vol III: Speech Acts},
	year = {1975},
	publisher = {Academic Press, New York},
	editor = {P. Cole},
	address = {New York}
}

@incollection{Grice:paci,
	author = {H.P. Grice},
	title = {Presupposition and Conversational Implicature},
	booktitle = {Radical Pragmatics},
	year = {1981},
	publisher = {Academic Press, New York},
	editor = {P. Cole},
	pages = {183--197}
}

@book{Gries:tsop, 
        author = {D. Gries}, 
        title = {The Science of Programming}, 
        publisher = {Springer, Berlin}, 
        year = {1981}
}

@article{Groeneveld:dsacp,
      author = {W. Groeneveld},
      title = {Dynamic Semantics and Circular Propositions},
      journal = {Journal of Philosophical Logic},
      year = {1994},
      volume = {23},
      pages = {267--306}
}
 
@Book{Grimshaw:as,
  author = 	 {J. Grimshaw},
  ALTeditor = 	 {},
  title = 	 {Argument Structure},
  publisher = 	 {MIT Press},
  year = 	 {1990},
  OPTkey = 	 {},
  OPTvolume = 	 {},
  OPTnumber = 	 {},
  OPTseries = 	 {},
  OPTaddress = 	 {},
  OPTedition = 	 {},
  OPTmonth = 	 {},
  OPTnote = 	 {},
  OPTannote = 	 {}
}

@unpublished{Groeneveld:sa,
      author = {W. Groeneveld},
      title = {Shifting Attitudes},
      note = {Manuscript, ILLC, Amsterdam},
      year = {1993}
}

@phdthesis{Groeneveld:liids,
      author = {W. Groeneveld},
      title = {Logical Investigations into Dynamic Semantics},
      school = {ILLC, Amsterdam},
      year = {1995}
}

@PhdThesis{Groenink:sws,
  author = 	 {A.V. Groenink},
  title = 	 {Surface Without Structure},
  school = 	 {University of Utrecht},
  year = 	 {1997},
  note = {First promotor: Jan van Eijck, second promotor: Bill Rounds},  
  OPTkey = 	 {},
  OPTtype = 	 {},
  OPTaddress = 	 {},
  OPTmonth = 	 {},
  OPTnote = 	 {},
  OPTannote = 	 {}
}

@inproceedings{GroBreMan:puagid,
        author = {C. Grover and C. Brew and S. Manandhar and M. Moens},
        title = {Priority Union and Generalization in Discourse Grammars},
        booktitle = {Proceedings 32nd Annual Meeting of 
               the Association for Computational Linguistics},
        year = {1994},
        pages = {17--24}
}



@Article{GroJosWei:caffmt,
  author = 	 {B. Grosz and A. Joshi and S. Weinstein},
  title = 	 {Centering: A Framework for Modeling the Local 
                  Coherence of Discourse},
  journal = 	 {Computational Linguistics},
  year = 	 {1995},
  OPTkey = 	 {},
  volume = 	 {21},
  OPTnumber = 	 {},
  pages = 	 {203--226},
  OPTmonth = 	 {},
  OPTnote = 	 {},
  OPTannote = 	 {}
}

@article{Grove:tmftc,
   author = {A. Grove}, 
   title = {Two modellings for theory change}, 
   journal = {Journal of Philosophical Logic}, 
   volume = {17}, 
   year = {1988}, 
   pages = {157--170}
}

@unpublished{GroRen:radfis, 
        author = {R. Groenboom and G.R. Renardel}, 
        title = {Reasoning about Dynamic Features in Specification Languages}, 
        note = {Manuscript, Department of Computing Science, University of Groningen}, 
        year = {1994}
}

@Article{GroSid:aiatso,
  author = 	 {B.J. Grosz and C.L. Sidner},
  title = 	 {Attention, Intentions, and the Structure of Discourse},
  journal = 	 CL, 
  year = 	 {1986},
  OPTkey = 	 {},
  volume = 	 {12},
  OPTnumber = 	 {},
  pages = 	 {175--204},
  OPTmonth = 	 {},
  OPTnote = 	 {},
  OPTannote = 	 {}
}

@InCollection{GroSto:tsatso,
  author = 	"Groenendijk, J.A.G.  and Stokhof, M.J.B.",
  title = 	"Type Shifting and the Semantics of Interrogatives",
  booktitle = 	"Properties, Type and Meaning, v.2",
  publisher = 	"D. Reidel",
  year = 	"1989",
  editor = 	"Chierchia, G. and Partee, B. and Turner, R.",
  chapter = 	"",
  pages = 	"",
  address = 	"Dordrecht",
  month = 	"",
  note = 	""
}


@article{GroSto:dpl,
	author = {J. Groenendijk and M. Stokhof},
	title = {Dynamic Predicate Logic},
	journal = {Linguistics and Philosophy},
	year = {1991},
	volume = {14},
	pages = {39--100}
}

@incollection{GroSto:otsoqa,
	author =	"Groenendijk, J. and Stokhof, M.",
	year =		1984,
	title =		"On the Semantics of Questions and the 
			Pragmantics of Answers",
	editor =	"Landman, F. and Veltman, F.",
	booktitle =	"Varieties of Formal Semantics",
	publisher =	"Foris",
	address =	"Dordrecht",
	pages =		"143--170"
}

@phdthesis{GroSto:sotsoq, 
	author = {J. Groenendijk and M. Stokhof},
	title = {Studies on the Semantics of Questions and the
		  Pragmatics of Answers}, 
        school = {University of Amsterdam}, 
        year = {1984}
}
        

@incollection{GroSto:dmg,
	author = {J. Groenendijk and M. Stokhof},
	title = {Dynamic {M}ontague {G}rammar}, 
        booktitle = {Papers from the Second Symposium on Logic and Language}, 
        editor = {L. Kalman and L. Polos},
	year = {1990},
        publisher = {Akademiai Kiadoo, Budapest},
	pages = {3--48}
}

%       editor = {L. K\'{a}lm\'{a}n and L. P\'{o}los}, 
%	publisher = {Akad\'{e}miai Kiado\'{o}, Budapest},

@booklet{GroSto:pls,
	author =	"Groenendijk, J. and Stokhof, M.",
	year =		1990,
	title =		"Partitioning Logical Space",
	howpublished =	"Annotated handout, Second European Summer School
			on Logic, Language and Information",
	address =	"Leuven"}

@inproceedings{GroSto:ttods,
	author = {J. Groenendijk and M. Stokhof},
	title = {Two Theories of Dynamic Semantics},
	booktitle = {Logics in AI---European Workshop JELIA '90},
	year = {1991},
        publisher = {Springer, Berlin}, 
	series = {Springer Lecture Notes in Artificial Intelligence},
	pages = {55--64},
	address = {Berlin},
	editor = {Eijck, J. van}
}

@incollection{GroSto:,
	author = {J. Groenendijk and M. Stokhof}, 
	title = {Questions}, 
	year = {1996},
	booktitle = {Handbook of Logic and Language},
	editor = {Benthem, J. van and A. ter Meulen},
	publisher = {Elsevier, Amsterdam}, 
	pages = {1055--1124}
}

@InCollection{GroStoVel:cam,
  author = 	 "J. Groenendijk and M. Stokhof and F. Veltman",
  title = 	 "Coreference and Modality",
  booktitle = "The Handbook of Contemporary Semantic Theory",
  publisher = "Blackwell",
  year = 	 "1996",
  editor = 	 "S. Lappin",
  pages = 	 "179--213",
  address = 	 "Oxford"
}

@inproceedings{GroAraWei:ceamtonr,
  author = {Grosz, B. and Aravind, K. and Weinstein, S.},
  title = {Providing a Unified Account of Definite Noun Phrases in Discoure},
  booktitle = {ACL 83 Proceedings},
  year = {1983},
  pages = {}
}



@PhdThesis{Gruber:silr,
  author = 	 {J.S. Gruber},
  title = 	 {Studies in Lexical Relations},
  school = 	 {MIT},
  year = 	 {1965},
  OPTkey = 	 {},
  OPTtype = 	 {},
  OPTaddress = 	 {},
  OPTmonth = 	 {},
  note = 	 {Published in revised form in 1976},
  OPTannote = 	 {}
}

@incollection{Guenthner:tstlat,
	author = {Guenthner, F.},
	title = {Time Schemes, Tense Logic and the Analysis of English Tenses},
	booktitle = {Formal Semantics and Pragmatics for Natural Languages},
	year = {1979},
	publisher = {Reidel, Dordrecht},
	editor = {F. Guenthner and S.J. Schmidt},
	pages = {201--22}
}

@book{Gunter:sopl, 
   author = {C.A. Gunter},
   title = {Semantics of Programming Languages}, 
   publisher = {MIT Press}, 
   address = {Cambridge, Massachusetts}, 
   year = {1992}
}

@article{Gupta:tap,
	author = {A. Gupta},
	title = {Truth and Paradox},
	journal = {Journal of Philosophical Logic},
	year = {1982},
	volume = {11},
	pages = {1--60}
}

@article{Gurevich:ilsn,
      author ={Y. Gurevich}, 
      title = {Intuitionistic logic with strong negation},
      journal = {Studia Logica},
      volume = {36},
      year = {1977},
      pages = {49--59}
}

@article{Gurevich:ea,
	author = {Y. Gurevich},
	title = {Evolving algebras; a tutorial introduction},
	journal = {Bulletin EATCS},
	year = {1991},
	volume = {43},
	pages = {264--284}
}

