%H

@article{Haas:astoba,         
  author =	"Haas, A. R.",
  fullname =	"Haas, Andrew R.",
  title	= 	"A Syntactic Theory of Belief and Action",
  journal =	"Artificial Intelligence Journal",
  volume =	28,
  number =	3,
  pages	=	"245--292",
  year	=	"1986",
  topics =	"artificial intelligence belief action planning"
}

@article{Haas:ieitso,
	author = {A.R. Haas},
	title = {Indexical Expressions in the Scope of Attitudes},
	journal = {Computational Linguistics},
	year = {1993},
	volume = {19},
	pages = {637--650}
}


@InCollection{Haehnle:tarm,
  author = 	 {R. Haehnle},
  title =        "Tableaux and Related Methods",
  booktitle =    "Handbook of Automated Reasoning",
  publisher =    "Elsevier Science Publishers",
  year =         "2001",
  editor =       "J.A. Robinson and A. Voronkov"
}

@phdthesis{Haik:tsoo,
	author = {Ha{\" \i}k , I.},
	title = {The Syntax of Operators},
	school = {MIT},
	year = {1985}
}

@Book{HalDon:dmuac,
  author = 	 {C. Hall and J. O'Donnell},
  ALTeditor = 	 {},
  title = 	 {Discrete Mathematics Using A Computer},
  publisher = 	 {Springer},
  year = 	 {2000},
  OPTkey = 	 {},
  OPTvolume = 	 {},
  OPTnumber = 	 {},
  OPTseries = 	 {},
  OPTaddress = 	 {},
  OPTedition = 	 {},
  OPTmonth = 	 {},
  OPTnote = 	 {},
  OPTannote = 	 {}
}

@Book{Halmos:loba,
  author = 	 {Halmos, P.}, 
  title = 	 {Lectures on Boolean Algebras}, 
  publisher = 	 {Van Nostrand},
  year = 	 {1963},
  OPTkey = 	 {},
  OPTvolume = 	 {},
  OPTnumber = 	 {},
  OPTseries = 	 {},
  OPTaddress = 	 {},
  OPTedition = 	 {},
  OPTmonth = 	 {},
  OPTnote = 	 {},
  OPTannote = 	 {}
}

@incollection{HalMos:tatoka, 
   author = {J. Halpern and Y. Moses}, 
   title = {Towards a Theory of Knowledge and Ignorance: Preliminary Report}, 
   booktitle = {Logics and Models of Concurrent Systems}, 
   editor = {K.R. Apt}, 
   pages = {459--476}, 
   publisher = {Springer}, 
   year = {1985}
}

@inproceedings{HalMos:kackia,
	author = {J.Y. Halpern and Y.O. Moses},
	title = {Knowledge and Common Knowledge in a Distributed Environment}, 
	booktitle = {Proceedings 3rd {ACVM} 
        Symposium on Distributed Computing},      
	year = {1984},
	pages = {50--68}
}

@article{Halpern:urakta, 
        author = {J.~Halpern}, 
        title = {Using Reasoning about Knowledge to Analyse Distributed Systems}, 
        journal = {Annual Review of Computer Science}, 
        volume = {2}, 
        year = {1987}, 
        pages = {37--68}
}

@inproceedings{HalSho:apmlot,
	author = {J.Y. Halpern and Y. Shoham},
	title = {A Propositional Modal Logic of Time Intervals},
	booktitle = {Proceedings Symposium on Logic in Computer Science}, 
        publisher = {Boston}, 
	year = {1986} 
}

@incollection{Hamann:a,
	author = {Hamann, C.},
	title = {Adjectives},
	booktitle = {Semantik},
	year = {1991},
	publisher = {Walter de Gruyter, Berlin},
	editor = {von Stechow, A. and Wunderlich, D.},
	volume = {6},
	chapter = {VIII},
	pages = {656-673},
	series = {Handb\S ucher zur Sprach- und Kommunikationswissenschaft},
	address = {Berlin}
}

@Unpublished{HamLam:ecnatp,
  author = 	 {F. Hamm and M. van Lambalgen},
  title = 	 {Event Calculus, Nominalisation, and the Progressive},
  note = 	 {Manuscript, ILLC and Univ. of Tuebingen, 2000},
  OPTkey = 	 {},
  OPTmonth = 	 {},
  OPTyear = 	 {},
  OPTannote = 	 {}
}


@Book{Hankin04:aitlc,
  author =	 {C. Hankin},
  title = 	 {An Introduction to Lambda Calculi for Computer Scientists},
  publisher = 	 {King's College Publications},
  year = 	 2004,
  volume =	 2,
  series =	 {Texts in Computing},
  address =	 {London}
}

@Book{Hankin:lc,
  author = 	 {C. Hankin},
  ALTeditor = 	 {},
  title = 	 {Lambda Calculi},
  publisher = 	 {Clarendon Press},
  year = 	 {1994},
  OPTkey = 	 {},
  OPTvolume = 	 {},
  OPTnumber = 	 {},
  OPTseries = 	 {},
  address = 	 {Oxford},
  OPTedition = 	 {},
  OPTmonth = 	 {},
  OPTnote = 	 {},
  OPTannote = 	 {}
}

@article{HanMcd:nlatp, 
        author = {S. Hanks and J. McDermott}, 
        title = {Nonmonotonic Logic and Temporal Projection}, 
        journal = {Artificial Intelligence}, 
        volume = {33}, 
        year = {1987}, 
        pages = {379--412}
}


@PhdThesis{Hansson:bbd,
  author = 	 "Hansson, S.O.",
  title = 	 "Belief Base Dynamics",
  school = 	 "University of Uppsala",
  year = 	 1991
}

@book{Harman:cvpr,
     author = {G. Harman},
     title = {Change in View: Principles of Reasoning},
     year = {1986},
     publisher = {The MIT Press},
     address = {Cambridge (MA)}
}

@inproceedings{Hardt:aafve,
        author = {D. Hardt},
        title = {An Algorithm for VP Ellipsis},
        booktitle = {Proceedings 30th Annual Meeting of 
               the Association for Computational Linguistics},
        year = {1992},
        pages = {9--14}
}

@incollection{Hardt:sarids, 
        author = {D. Hardt}, 
        title = {Sense and Reference in Dynamic Semantics}, 
        booktitle = {Proceedings 9th Amsterdam Colloquium}, 
        editor = {P. Dekker and M. Stokhof}, 
        pages = {333-348},
        publisher = {ILLC, Amsterdam}, 
	year = {1994}
}



@Book{Hardy:ama,
  author = 	 {G.H. Hardy},
  ALTeditor = 	 {},
  title = 	 {A mathematician's apology},
  publisher = 	 {Cambridge University Press},
  year = 	 {1940},
  OPTkey = 	 {},
  OPTvolume = 	 {},
  OPTnumber = 	 {},
  OPTseries = 	 {},
  OPTaddress = 	 {},
  OPTedition = 	 {},
  OPTmonth = 	 {},
  OPTnote = 	 {},
  OPTannote = 	 {}
}

@Book{Harel:a,
  author = 	 {D. Harel},
  ALTeditor = 	 {},
  title = 	 {Algorithmics: The Spirit of Computing},
  publisher = 	 {Addison-Wesley},
  year = 	 {1987},
  OPTkey = 	 {},
  OPTvolume = 	 {},
  OPTnumber = 	 {},
  OPTseries = 	 {},
  OPTaddress = 	 {},
  OPTedition = 	 {},
  OPTmonth = 	 {},
  OPTnote = 	 {},
  OPTannote = 	 {}
}

@Book{Harel:fodl,
  author = 	 {D. Harel},
  ALTeditor = 	 {},
  title = 	 {First-Order Dynamic Logic},
  publisher = 	 {Springer},
  year = 	 {1979},
  OPTkey = 	 {},
  OPTvolume = 	 {},
  number = 	 {68},
  series = 	 {Lecture Notes in Computer Science},
  OPTaddress = 	 {Berlin, Heidelberg, New York},
  OPTedition = 	 {},
  OPTmonth = 	 {},
  OPTnote = 	 {},
  OPTannote = 	 {}
}

@incollection{Harel:dl,
	author = {D. Harel},
	title = {Dynamic Logic},
	booktitle = {Handbook of Philosophical Logic},
	year = {1984},
	publisher = {Reidel, Dordrecht},
	editor = {D. Gabbay and F. Guenthner},
	pages = {497--604},
	note = {Volume II},
	place = {Dordrecht}
}

@inproceedings{HarCha:tatie,
        author = {M. Harper and E. Charniak},
        title = {Time and Tense in English},
        booktitle = {Proceedings 24th Annual Meeting of 
               the Association for Computational Linguistics},
        year = {1986},
        pages = {3--9}
}

@Book{HarKozTiu00:dl,
  author =	 {D. Harel and D. Kozen and J. Tiuryn},
  title = 	 {Dynamic Logic. Foundations of Computing},
  publisher = 	 {{MIT} Press},
  year = 	 2000,
  address =	 {Cambridge, Massachusetts}
}

@Unpublished{Haskell:rep14,
  author =       {J. Peterson and K. Hammond (eds)},
  title =        {Report on the Programming Language {H}askell,{V}ersion 1.4},
  note =         {Available from the {H}askell homepage:
                  \verb+http://www.haskell.org+},
  OPTkey =       {},
  OPTmonth =     {},
  year =         {1997},
  OPTannote =    {}
}

@Unpublished{Haskell:www,
  author = 	 {The {H}askell Team},
  title = 	 {The {H}askell Homepage},
  note = 	 {\url{http://www.haskell.org}},
  OPTkey = 	 {},
  OPTmonth = 	 {},
  OPTyear = 	 {},
  OPTannote = 	 {}
}


@Unpublished{Haskell98:rep,
  author =       {S. Peyton Jones and J. Hughes and others},
  title =        {Report on the Programming Language {H}askell 98},
  note =         {Available from the {H}askell homepage:
                  \url{http://www.haskell.org}},
  OPTkey =       {},
  OPTmonth =     {},
  year =         {1999},
  OPTannote =    {}
}


@Book{Haskell98:RevReport,
  editor =	 {S. Peyton Jones},
  title = 	 {Haskell 98 Language and Libraries; The Revised Report},
  publisher = 	 {Cambridge University Press},
  year = 	 2003
}



@PhdThesis{Heguiabehere03:blt,
  author = 	 {J. Heguiabehere},
  title = 	 {Building Logic Toolboxes},
  school = 	 {Institute for Logic, Language and Computation},
  year = 	 2003,
  address =	 {Amsterdam}
}

@Unpublished{Heguiabehere:paprid,
  author = 	 {Juan Heguiabehere},
  title = 	 {Pre- and postcondition reasoning in {DFOL}},
  note = 	 {Manuscript, ILLC},
  OPTkey = 	 {},
  OPTmonth = 	 {},
  year = 	 {2001},
  OPTannote = 	 {}
}

@article{Heim:epada,
	author = {Heim, I.},
	title = {E-Type Pronouns and Donkey Anaphora},
	journal = {Linguistics and Philosophy},
	year = {1990},
	volume = {13},
	number = {2},
	pages = {137--177}
}

@unpublished{Heim:nocarm,
	author = {Heim, I.},
	title = {Notes on Comparatives and Related Matters},
	note = {Ms., Austin, Texas},
	year = {1985}
}

@article{Heim:otppfp,
	author = {I. Heim},
	title = {On the Projection Problem for Presuppositions},
	journal = {Proceedings of the West Coast Conference on Formal Linguistics},
	year = {1983},
	volume = {2},
	pages = {114--126}
}

@article{Heim:ppatso,
	author = {I. Heim},
	title = {Presupposition Projection and the Semantics of the Attitude Verbs},
	journal = {Journal of Semantics},
	year = {1992},
	volume = {9},
	number = {3},
	pages = {183--221},
	note = {Special Issue: Presupposition, Part 1}
}

@phdthesis{Heim:tsodai,
	author = {I. Heim},
	title = {The Semantics of Definite and Indefinite Noun Phrases},
	school = {University of Massachusetts},
	year = {1982},
	address = {Amherst}
}

@book{Hellan:ainatt,
	title = {Anaphora in Norwegian and the Theory of Grammar},
	publisher = {Foris, Dordrecht},
	year = {1988},
	author = {L. Hellan}
}

@book{Hellan:taiaoc,
	title = {Towards an Integrated Analysis of Comparatives},
	publisher = {Narr, T\"{u}bingen},
	year = {1981},
	author = {Hellan, L.}
}



@Article{Hendriks99:dlbc,
  author = 	 {L. Hendriks},
  title = 	 {Doing Logic by Computer: Interpolation in Fragments 
                  of Intuitionistic Propositional Logic},
  journal = 	 {Annals of Pure and Applied Logic},
  year = 	 {1999},
  OPTkey = 	 {},
  OPTvolume = 	 {},
  OPTnumber = 	 {},
  OPTpages = 	 {},
  OPTmonth = 	 {},
  OPTnote = 	 {},
  OPTannote = 	 {}
}

@phdthesis{Hendriks:sf,
	author = {H. Hendriks},
	title = {Studied Flexibility; Categories and Types in Syntax and Semantics},
	school = {ILLC, Amsterdam},
	year = {1993}
}

@book{Hennessy:atp,
      author = {M. Hennessy},
      title = {Algebraic Theory of Processes},
      year = {1988},
      publisher = {MIT Press},
      address = {Cambridge, MA},
      series = {MIT Press Series in the Foundations of Computer
      Science 6}
}




@Article{HenMil:alfnac,
  author = 	 {M. Hennesy and R. Milner},
  title = 	 {Algebraic Laws for Nondeterminism and Concurrency},
  journal = 	 {Journal of the {ACM}},
  year = 	 {1985},
  OPTkey = 	 {},
  volume = 	 {32},
  OPTnumber = 	 {},
  OPTpages = 	 {137--191},
  OPTmonth = 	 {},
  OPTnote = 	 {},
  OPTannote = 	 {}
}

@Book{Henz:ofccp,
  author = 	 {M. Henz},
  ALTeditor = 	 {},
  title = 	 {Objects for Concurrent Constraint Programming},
  publisher = 	 {Kluwer Academic Publishers},
  year = 	 {1998},
  OPTkey = 	 {},
  OPTvolume = 	 {},
  OPTnumber = 	 {},
  OPTseries = 	 {},
  OPTaddress = 	 {},
  OPTedition = 	 {},
  OPTmonth = 	 {},
  OPTnote = 	 {},
  OPTannote = 	 {}
}


@InCollection{Herbrand:iipt,
  author = 	 {J. Herbrand},
  title = 	 {Investigations in Proof Theory: The Properties of 
                  True Propositions},
  booktitle = 	 {From {F}rege to {G}\"{o}del: A Source Book in 
                  Mathematical Logic, 1879--1931},
  OPTcrossref =  {},
  OPTkey = 	 {},
  pages = 	 {525--581},
  publisher =    {Harvard University Press},
  year = 	 {1967},
  OPTeditor = 	 {Heijenoort, J. van},
  OPTvolume = 	 {},
  OPTnumber = 	 {},
  OPTseries = 	 {},
  OPTtype = 	 {},
  OPTchapter = 	 {},
  OPTaddress = 	 {},
  OPTedition = 	 {},
  OPTmonth = 	 {},
  OPTnote = 	 {},
  OPTannote = 	 {}
}

@Book{Herbrand:lw,
  author = 	 {J. Herbrand},
  ALTeditor = 	 {},
  title = 	 {Logical Writings},
  publisher = 	 {Reidel},
  year = 	 {1971},
  OPTkey = 	 {},
  OPTvolume = 	 {},
  OPTnumber = 	 {},
  OPTseries = 	 {},
  OPTaddress = 	 {},
  OPTedition = 	 {},
  OPTmonth = 	 {},
  note = 	 {Edited by W.D. Goldfarb},
  OPTannote = 	 {}
}



@Book{Herrington:cgia,
  author =	 {Herrington, J.},
  title = 	 {Code Generation in Action},
  publisher = 	 {Manning Publications Company},
  year = 	 2003
}

@article{Herzberger:nsatlp,
	author = {H. Herzberger},
	title = {Naive Semantics and the Liar Paradox},
	journal = {Journal of Philosophical Logic},
	year = {1982},
	volume = {79},
	pages = {479--497}
}

@Article{Hestvik:sbd,
  author = 	"Hestvik, A.",
  title = 	"Subjectless binding domains",
  journal = 	"Natural Language and Linguistic Theory",
  year = 	"1991",
  volume = 	"9",
  number = 	"",
  pages = 	"455--496",
  month = 	"",
  note = 	""
}



@InProceedings{HeuSeyZim:elfbps,
  author = 	 {A. Heuerding and M. Seyfried and H. Zimmermann},
  title = 	 {Efficient loop-check for backward proof search
                  in some non-classical propositional logics},
  booktitle = 	 {Theorem Proving with Analytic Tableaux and Related Methods},
  OPTcrossref =  {},
  OPTkey = 	 {},
  pages = 	 {210--225},
  year = 	 {1996},
  editor = 	 {P. Miglione and U. Moscato and D. Mundici and M. Ornaghi},
  OPTvolume = 	 {},
  OPTnumber = 	 {},
  series = 	 {{LNAI} 1071},
  OPTaddress = 	 {},
  OPTmonth = 	 {},
  OPTorganization = {},
  publisher = {Springer},
  OPTnote = 	 {},
  OPTannote = 	 {}
}

@book{Heyting:ii,
      author = {A. Heyting},
      title = {Intuitionism: An Introduction},
      address = {Amsterdam},
      publisher = {North Holland},
      year = {1956},
      series = {Studies in Logic and The Foundations of Mathematics}
}  


@Article{HigMay:qqac,
  author = 	"Higginbotham, J. and May, R.",
  title = 	"Questions, Quantifiers and Crossing",
  journal = 	"The Linguistic Review",
  year = 	"1981",
  volume = 	"1",
  number = 	"",
  pages = 	"41--80",
  month = 	"",
  note = 	""
}

@Book{Hindley:bstt,
  author = 	 {Hindley, J. Roger},
  ALTeditor = 	 {},
  title = 	 {Basic Simple Type Theory},
  publisher = 	 {Cambridge University Press},
  year = 	 {1997},
  OPTkey = 	 {},
  OPTvolume = 	 {},
  OPTnumber = 	 {},
  OPTseries = 	 {},
  OPTaddress = 	 {},
  OPTedition = 	 {},
  OPTmonth = 	 {},
  OPTnote = 	 {},
  OPTannote = 	 {}
}

@book{HilBer:gdm,
	title = {Grundlagen der Mathematik},
	publisher = {Springer, Berlin},
	year = {1939},
	author = {D. Hilbert and P. Bernays},
	note = {Second edition: Berlin 1970}
}

@techreport{HilLlo:tgr,
	title = {The G\"{o}del Report},
	author = {P.M. Hill and J.W. Lloyd},
	institution = {Department of Computer Science, University of Bristol},
	year = {1991 (revised 1992)},
	address = {Bristol}
}


@Article{Hintikka:faciqt,
  author = 	 {J. Hintikka},
  title = 	 {Form and Content in Quantification Theory},
  journal = 	 {Acta Philosophica Fennica},
  year = 	 {1955},
  OPTkey = 	 {},
  volume = 	 {8},
  OPTnumber = 	 {},
  pages = 	 {7--55},
  OPTmonth = 	 {},
  OPTnote = 	 {},
  OPTannote = 	 {}
}

@Article{Hintikka:mmaatc,
  author = 	 {J. Hintikka},
  title = 	 {Model Minimization --- An Alternative to Circumscription},
  journal = 	 {Journal of Automated Reasoning},
  year = 	 {1988},
  OPTkey = 	 {},
  volume = 	 {4},
  OPTnumber = 	 {},
  pages = 	 {1--13},
  OPTmonth = 	 {},
  OPTnote = 	 {},
  OPTannote = 	 {}
}

@incollection{Hintikka:qinl, 
        title = {Quantifiers in Natural Languages: Some Logical
		  Problems}, 
        author = {J. Hintikka}, 
        editor = {I. Niiniluoto and E.E. Saarinen}, 
        booktitle = {Essays in Mathematical and Philosophical Logic}, 
        pages = {295--314}, 
        year = {1979}, 
        publisher = {Reidel, Dordrecht} 
}

@book{HinKul:aadd,
	title = {Anaphora and Definite Descriptions: Two Applications of Game-Theoretical Semantics},
	publisher = {Reidel, Dordrecht},
	year = {1985},
	author = {J. Hintikka and J. Kulas}
}

@Article{Hinrichs:taidoe,          
  author = 	"E. Hinrichs",
  title = 	"Temporal Anaphora in Discourses of English",
  journal = 	"Linguistics and Philosophy",
  year = 	"1986",
  volume = 	"9",
  number = 	"1",
  pages = 	"63--81",
  topics = 	"natural language semantics tense aspect
		 DRT event anaphora VP anaphora tense",
  comments = 	"discussed in class with Sandro",
  where   =     {HAVE - tense folder}
}

@article{Hinrichs:tqac,
	author = {Hinrichs, E.W.},
	title = {Tense, Quantifiers, and Contexts},
	journal = {Computational Linguistics},
	year = {1988},
	volume = {14},
	number = {2},
	pages = {3--14}
}

@book{Hintikka:kab,
	title = {Knowledge and Belief: An Introduction to the Logic of the Two Notions},
	publisher = {Cornell University Press},
	year = {1962},
	author = {J. Hintikka},
	address = {Ithaca N.Y.}
}

@InCollection{Hintikka:nffato,
  author = 	"Hintikka, J.",
  title = 	"New Foundations for a Theory of Questions and Answers",
  booktitle = 	"Questions and Answers",
  publisher = 	"D. Reidel",
  year = 	"1983",
  editor = 	"Kiefer, F.",
  chapter = 	"",
  pages = 	"",
  address = 	"Dordrecht",
  month = 	"",
  note = 	""
}


@article{Hoare:aabfcp,
	author = {C.A.R. Hoare},
	title = {An Axiomatic Basis for Computer Programming},
	journal = {Communications of the ACM},
	year = {1969},
	volume = {12},
	number = {10},
	pages = {567--580, 583}
}

@book{Hoare:csp,
	title = {Communcating Sequential Processes},
	publisher = {Prentice Hall},
	year = {1985},
	author = {C.A.R. Hoare}
}

@incollection{Hob:ttsasfm,
     author = {Jerry Hobbs},
     title = {Description of the {T}acitus system as used for {MUC}-3},
     booktitle = {Proceedings, Third Message Understanding Conference, May 1991},
     author = {DARPA},
publisher = {Morgan Kaufmann, Inc., San Mateo, California},
year = {1991},
    pages = {200--206}
}


@article{HobShi:aafgqs,
        author = {J. Hobbs and S. Shieber},
        title = {An Algorithm for Generating Quantifier Scopings},
        journal = {Computational Linguistics},
        volume = {13},
        pages = {47--63},
        year = {1987}
}

@inproceedings{HobEtAl:iaa,
 author = {Jerry Hobbs and Mark Stickel and Paul Martin and Douglas Edwards},
 title = {Interpretation as {A}bduction},
 booktitle = {Proceedings, 26th Annual Meeting of the Association for
Computational Linguistics},
 address = {Buffalo, New York},
 pages = {95--103}
}



@book{Hodges:mt,
	author = {W. Hodges},     
	title = {Model Theory},
	publisher = {Cambridge University Press},
	year = {1993}
}

@unpublished{Hodges:adotdo,
	author = {W. Hodges},
	title = {A Defence of the Doctrine of Distribution},
	note = {Unpublished manuscript},
	year = {March, 1993}
}

@techreport{HoeJasThi:hipl,
	title = {Honesty in Partial Logic},
	author = {Hoek, W van der and J. Jaspars and E. Thijsse},
	institution = {Dpt. of Computer Science, State University of Utrecht},
	year = {1993},
	number = {RUU-CS-93-32},
	note = {A shorter version appears in Proc. of KR'94}
}



@Book{Hofstadter:geb,
  author = 	 {D.R. Hofstadter},
  ALTeditor = 	 {},
  title = 	 {G\"odel, Escher, Bach: An Eternal Golden Braid},
  publisher = 	 {Basic Books},
  year = 	 {1999},
  OPTkey = 	 {},
  OPTvolume = 	 {},
  OPTnumber = 	 {},
  OPTseries = 	 {},
  OPTaddress = 	 {},
  OPTedition = 	 {},
  OPTmonth = 	 {},
  note = 	 {First edition: 1979},
  OPTannote = 	 {}
}

@unpublished{Hollenberg:eatloc,
	author = {M. Hollenberg},
	title = {Error and the Logic of Change},
	note = {Term paper, University of Utrecht},
	year = {1992}
}


@TechReport{Hollenberg:ndiml,
	author = {M. Hollenberg},
	title = {Negative Definability in Modal Logic}, 
	series = {Logic Group Preprint Series}, 
        number = {110}, 
	year = {May, 1994}, 
        institution = {Department of Philosophy, Utrecht University}
}

@techreport{Hollenberg:hcapa,
	author = {M. Hollenberg},
	title = {{H}ennessy--{M}ilner Classes and Process Algebra}, 
	institution = {Department of Philosophy, University of Utrecht},
	year = {1994},
	number = {124},
	series = {Logic Group Preprint Series}
}

@unpublished{Hollenberg:bsafoo,
	author = {M. Hollenberg},
	title = {Bisimulation, Saturation and First Order Operations},
        note = {Manuscript, Department of Philosophy, University of Utrecht},
	year = {1995}
}


@TechReport{Hollenberg:eaota,
  author = 	 {J.J. Hollenberg},
  title = 	 {Equational axioms of test algebra},
  institution =  {Department of Philosophy, Utrecht University},
  year = 	 1996,
  type =	 {Logic Group Preprint Series},
  number =	 172
}

@Article{Hollenberg:aeaodn,
  author = 	 "M. Hollenberg",
  title = 	 "An Equational Axiomatisation of Dynamic Negation and 
                  Relational Composition",
  OPTcrossref =  "",
  OPTkey = 	 "",
  journal = 	 "Journal of Logic, Language and Information",
  year = 	 "1997",
  volume = 	 "6",
  OPTnumber = 	 "",
  pages = 	 "381--401"
}

@InCollection{Hopcroft71:anlna,
  author = 	 {J.E.Hopcroft},
  title = 	 {An n log n algorithm for minimizing states in
                  a finite automaton},
  booktitle = 	 {Theory of Machines and Computations},
  publisher =	 {Academic Press},
  year =	 1971,
  editor =	 {Zvi Kohavi and Azaria Paz}
}

@book{HopUll:itatla, 
  author = {J.E. Hopcroft and J.D. Ullman}, 
  title = {Introduction to Automata Theory, Languages, and
		  Computation}, 
  publisher = {Addison-Wesley}, 
  year = {1979}, 
  address = {Reading, Mass, etc} 
}




@TechReport{HooMarOtt:bditgf,
  author = 	 {E. Hoogland and M. Marx and M. Otto},
  title = 	 {Beth definability in the Guarded Fragment},
  institution =  {ILLC, Amsterdam},
  year = 	 {1999},
  OPTkey = 	 {},
  OPTtype = 	 {},
  OPTnumber = 	 {},
  OPTaddress = 	 {},
  OPTmonth = 	 {},
  OPTnote = 	 {},
  OPTannote = 	 {}
}

@PhdThesis{Hollenberg:lab,
  author = 	 {M. Hollenberg},
  title = 	 {Logic and Bisimulation},
  school = 	 {Utrecht University},
  year = 	 {1998},
  OPTkey = 	 {},
  OPTtype = 	 {},
  OPTaddress = 	 {},
  OPTmonth = 	 {},
  OPTnote = 	 {},
  OPTannote = 	 {}
}

@Book{Hudak:thsoe,
  author = 	 {P. Hudak},
  ALTeditor = 	 {},
  title = 	 {The {H}askell School of Expression: 
                  Learning Functional Programming Through Multimedia},
  publisher = 	 {Cambridge University Press},
  year = 	 {2000},
  OPTkey = 	 {},
  OPTvolume = 	 {},
  OPTnumber = 	 {},
  OPTseries = 	 {},
  OPTaddress = 	 {},
  OPTedition = 	 {},
  OPTmonth = 	 {},
  OPTnote = 	 {},
  OPTannote = 	 {}
}

@TechReport{HudFasPet:agith,
  author =       {P. Hudak and J. Fasel and J. Peterson},
  title =        {A Gentle Introduction to {H}askell},
  institution =  {Yale University},
  year =         {1996},
  OPTkey =       {},
  OPTtype =      {},
  OPTnumber =    {},
  OPTaddress =   {},
  OPTmonth =     {},
  note =         {Available from the {H}askell homepage: 
                  \url{http://www.haskell.org}},
  OPTannote =    {}
}

@article{Huet:cr,
	author = {G. Huet},
	title = {Confluent Reductions: Abstract Properties and Applications to Term Rewriting},
	journal = {Journal of the ACM},
	year = {1980},
	volume = {27},
	pages = {797--821}
}

@Article{Huet:auaftl,
  author = 	 {G.P. Huet},
  title = 	 {A Unification Theorem for Typed $\lambda$-Calculus},
  journal = 	 {Theoretical Computer Science},
  year = 	 {1975},
  OPTkey = 	 {},
  volume = 	 {1},
  OPTnumber = 	 {},
  pages = 	 {27--57},
  OPTmonth = 	 {},
  OPTnote = 	 {},
  OPTannote = 	 {}
}


@Unpublished{Hugs98,
  author = 	 {Mark P. Jones and Alastair Reid and others},
  title = 	 {The {Hugs98} User Manual},
  note = 	 {\url{http://www.haskell.org/hugs/}},
  OPTkey = 	 {},
  OPTmonth = 	 {},
  OPTyear = 	 {},
  OPTannote = 	 {}
}


@Book{HutRya:lics,
  author =	 {M. Huth and M. Ryan},
  title = 	 {Logic in Computer Science: Modelling and Reasoning 
                  about Systems},
  publisher = 	 {Cambridge University Press},
  year = 	 2000
}



@Article{Hutton92:hoffp,
  author = 	 {G. Hutton},
  title = 	 {Higher-order Functions for Parsing},
  journal = 	 {Journal of Functional Programming},
  year = 	 {1992},
  OPTkey = 	 {},
  volume = 	 {2},
  number = 	 {3},
  pages = 	 {323--343},
  OPTmonth = 	 {},
  OPTnote = 	 {},
  OPTannote = 	 {}
}

%J

@Book{Jackendoff:siigg,
  author = 	 {R. Jackendoff},
  ALTeditor = 	 {},
  title = 	 {Semantic Interpretation in Generative Grammar},
  publisher = 	 {MIT Press},
  year = 	 {1972},
  OPTkey = 	 {},
  OPTvolume = 	 {},
  OPTnumber = 	 {},
  OPTseries = 	 {},
  OPTaddress = 	 {},
  OPTedition = 	 {},
  OPTmonth = 	 {},
  OPTnote = 	 {},
  OPTannote = 	 {}
}

@Book{Jackendoff:sac,
  author = 	 "R. Jackendoff",
  title = 	 "Semantics and Cognition",
  publisher = 	 "MIT Press",
  year = 	 "1983",
  address = 	 "Cambridge (MA)"
}

@Article{Jacobson:tavs,
  author = 	 {P. Jacobson},
  title = 	 {Towards a Variable-free Semantics},
  journal = 	 {Linguistics and Philosophy},
  year = 	 {1999},
  OPTkey = 	 {},
  volume = 	 {22},
  number = 	 {2},
  pages = 	 {117--184},
  month = 	 {April},
  OPTnote = 	 {},
  OPTannote = 	 {}
}

@InProceedings{Jacobson:acdivs,
  author = 	 {P. Jacobson},
  title = 	 {Antecedent Contained Deletion in a Variable-Free Semantics},
  booktitle = 	 {Proceedings of the Second Conference on Semantics and 
                  Linguistic Theory},
  OPTcrossref =  {},
  OPTkey = 	 {},
  pages = 	 {193--213},
  year = 	 {1992},
  editor = 	 {C. Barker and D. Dowty},
  OPTvolume = 	 {},
  OPTnumber = 	 {},
  OPTseries = 	 {},
  OPTaddress = 	 {},
  OPTmonth = 	 {},
  organization = {Ohio State University},
  OPTpublisher = {},
  OPTnote = 	 {},
  OPTannote = 	 {}
}

@article{JafMah:clpas,
        author = {J. Jaffar and M.J. Maher},
        title = {Constraint Logic Programming: A Survey},
        journal = {Journal of Logic Programming},
        year = {1994},
        volume = {19/20}
}

@Unpublished{Jansche:dmgl,
   author = 	 {Jansche, Martin},
   title = 	 {Dynamic {M}ontague {G}rammar Lite},
   note = 	 {Dept of Linguistics, Ohio State University},
   OPTkey = 	 {},
   month = 	 {November},
   year = 	 {1998},
   OPTannote = 	 {}
}

@book{Janssen:faaomg, 
        title = {Foundations and Applications of Montague Grammar}, 
        author = {T.M.V. Janssen}, 
        series = {CWI Tract 19}, 
        publisher = {CWI, Amsterdam}, 
        year = {1986}
}

@techreport{Janssen:aavor,
	title = {An Algebraic View on Rosetta},
	author = {T.M.V. Janssen},
	institution = {ILLC, University of Amsterdam},
	year = {1993},
	number = {CL-93-02}
}

@incollection{Janssen:aav,
  author="Janssen, T.M.V.",
  title="An algebraic view",
  booktitle="Compositional Translation",
  chapter="19",
  editor="M.T. Rosetta",
  publisher="Kluwer Academic Publishers",
  address="Dordrecht",
  year=1994,
  pages="389--416"
}

@inproceedings{Janssen:otrbst,
  author="Janssen, T.M.V.",
  title="On the relation between Synchronous {TAG} Grammars and Montague Grammar",
  editor="P. Dekker and M. Stokhof",
  booktitle="Proceedings 9th Amsterdam Colloquium",
  publisher="ILLC",
  address="Amsterdam",
  year=1994,
  pages="369--375"
}

@inproceedings{Jaspars:agosai,
	author = {J.O.M. Jaspars},
	title = {A generalization of stability and its application to circumscription of positive introspective knowledge},
	booktitle = {Computer Science Logic: Proceedings 4th Workshop, CSL'90},
	year = {1991},
	publisher = {Springer Verlag},
	volume = {533},
	pages = {289--299},
	address = {Heidelberg},
	editor = {E. B\"{o}rger and H. Kleine B\"{u}ning and M.M. Richter},
	series = {Lecture Notes in Computer Science}
}

@incollection{Jaspars:loaib,
	author = {J.O.M. Jaspars},
	title = {Logical Omniscience and Inconsistent Beliefs},
	booktitle = {Diamonds and Defaults},
	year = {1993},
	publisher = {Kluwer Academic Publishers},
	editor = {Rijke, M. de},
	pages = {129--146}
}

@phdthesis{Jaspars:cfcc,
	author = {J. Jaspars},
	title = {Calculi for Constructive Communication},
	school = {ITK, Tilburg and ILLC, Amsterdam}, 
	year = {1994}
}

@phdthesis{Jaspars:ccc,
      author = {J.O.M. Jaspars},
      title = {Calculi for Constructive Communication: A Study of the 
               Dynamics of Partial States},
      school = {University of Tilburg},
      year = {1994},
      series = {ILLC dissertation series 1994-4},
      note = {also as ITK dissertation series 1994-1}
}

@article{Jaspars:puadl,
  author = {J. Jaspars}, 
  title = {Partial Up and Down Logic}, 
  journal = {Notre Dame Journal of Formal Logic}, 
  year = {1995}, 
  volume = {36}, 
  pages = {134--157}
}

@unpublished{JasKra:ud,
  author = {J. Jaspars and E. Krahmer}, 
  title = {Unified Dynamics}, 
  note = {Manuscript, CWI, Amsterdam}, 
  year = {1995}
}


@Unpublished{JasKraEij:suaddb,
  author = 	 "Jaspars, J. and  Krahmer, E. and van Eijck, J.",
  title = 	 "Strolling up and down dynamic boulevard",
  note = 	 "Forthcoming Research Report",
  year =	 1994
}




@Book{JeurBroe:smg,
  author =	 {R. Jeurissen en L. van den Broek},
  title = 	 {Spelen met gehelen},
  publisher = 	 {Epsilon uitgaven},
  year = 	 2002,
  series =	 {Zebra-reeks}
}

@Unpublished{JeuSwi:gap,
  author = 	 {J. Jeuring and D. Swierstra},
  title = 	 {Grammars and Parsing},
  note = 	 {Lecture Notes, Utrecht University},
  OPTkey = 	 {},
  OPTmonth = 	 {},
  year = 	 {2001},
  OPTannote = 	 {}
}

@Book{JohHof:faoeva,
  author = 	"Johansson, S. and Hofland, K.",
  fullname = 	"Johansson, Stig and Hofland, Knut",
  title = 	"Frequency Analysis of {E}nglish vocabulary and grammar,
		 based on the {LOB} corpus, {I}: Tag Frequencies and Word 
		 frequencies",
  publisher = 	"Clarendon Press",
  year = 	"1989",
  address = 	"Oxford",
  topics =	"natural language corpora frequencies",
  edition = 	"",
  month = 	"",
  note = 	""
}

@unpublished{JohMos:gfvaea,
	author = {D.E. Johnsson and L.S. Moss},
	title = {Grammar Formalisms Viewed as Evolving Algebras},
	note = {Manuscript, Bloomington and Yorktown Heights},
	year = {1993}
}

@book{Johnson:alatto,
	title = {Attribute-value Logic and the Theory of Grammar},
	publisher = {CSLI, Stanford},
	year = {1988},
	author = {M. Johnson},
	volume = {16},
	series = {CSLI Lecture Notes},
	note = {Distributed by University of Chicago Press}
}





@TechReport{Jones99:thih,
  author = 	 {M.P. Jones},
  title = 	 {Typing {H}askell in {H}askell},
  institution =  {Computer Science Department, Utrecht University},
  year = 	 {1999},
  OPTkey = 	 {},
  OPTtype = 	 {},
  number = 	 {UU-CS-1999-28},
  OPTaddress = 	 {},
  OPTmonth = 	 {},
  note = 	 {Also in: Proceedings of the 1999 Haskell Workshop, 
                  Paris, France},
  OPTannote = 	 {}
}

@inproceedings{JonKle:daap,
  author = {Johnson, M. and Klein, E.},
  title = {Discourse, anaphora and parsing},
  booktitle = {COLING 86, Proceedings of the Conference, Bonn, Germany},
  year = {1986},
  pages = {669--675}
}

@book{JohnsonLaird:mm,
        author = {Johnson-Laird, P.N.},
        title = {Mental Models; towards a cognitive science of
        language, inference and consciousness},
        publisher = {Cambridge University Press},
        year = {1983}
}

%K

@phdthesis{Kadmon:ouanra,
	author = {Kadmon, N.},
	title = {On Unique and Non-Unique Reference and Asymmetric Quantification},
	school = {University of Massachusetts at Amherst},
	year = {1987}
}

@article{Kadmon:u,
	author = {Kadmon, N.},
	title = {Uniqueness},
	journal = {Linguistics and Philosophy},
	year = {1990},
	volume = {13},
	number = {3},
	pages = {273-342}
}

@article{KakKowTon:alp, 
      author = {A.C. Kakas and R.A. Kowalski and F. Toni}, 
      title = {Abductive Logic Programming}, 
      journal = {Journal of Logic Programming}, 
      year = {1992}, 
      pages = {179--770}, 
      volume = {2}
}


@book{KalMon:ltofr, 
        author = {Kalish and Montague}, 
        title = {Logic. Techniques of Formal Reasoning}, 
        publisher = {Harcourt, Bran \& World, New York}, 
        year = {1964}
}

@phdthesis{Kamaraddine:sifs,
	author =	"Kamareddine, F.",
	title =		"Semantics in Frege Structures",
	year =		1988,
	school =	"University of Edinburgh"
}

@article{Kamareddine:ltldaq,
	author = {F. Kamareddine},
	title = {$\lambda $-Terms, Logic, Determiners and Quantifiers},
	journal = {Journal of Logic, Language and Information},
	year = {1992},
	volume = {1},
	pages = {79--103}
}



@Article{KamNed:rritlc,
  author = 	 {F. Kamareddine and R. Nederpelt},
  title = 	 {Refining Reduction in the Lambda Calculus},
  journal = 	 {Journal of Functional Programming},
  year = 	 {1995},
  OPTkey = 	 {},
  volume = 	 {5},
  OPTnumber = 	 {},
  pages = 	 {637--651},
  OPTmonth = 	 {},
  OPTnote = 	 {},
  OPTannote = 	 {}
}

@techreport{Kameyama:isadp, 
        author = {M. Kameyama}, 
        title = {Indefeasible Semantics and Defeasible Pragmatics}, 
        institution = {CWI, Amsterdam}, 
        year = {July, 1994},
        number = {CS--R9441}
}

@InCollection{Kameyama:icacs,
  author = 	 {M. Kameyama},
  editor = 	 {M. Walker and A. Joshi and E. Prince},
  booktitle = 	 {Centering Theory in Discourse},
  title  = 	 {Intrasentential centering: a case study},
  publisher = 	 {Clarendon Press},
  year = 	 {1998},
  OPTkey = 	 {},
  OPTvolume = 	 {},
  OPTnumber = 	 {},
  OPTseries = 	 {},
  OPTtype = 	 {},
  OPTaddress = 	 {},
  OPTedition = 	 {},
  OPTmonth = 	 {},
  pages = 	 {89--112},
  OPTnote = 	 {},
  OPTannote = 	 {}
}

@article{KamKle:npatc,
	author = {F. Kamareddine and E. Klein},
	title = {Nominalisation, Predication and Type Containment},
	journal = {Journal of Logic, Language and Information},
	year = {1993},
	volume = {2},
	pages = {171--215}
}

@unpublished{Kamp:astttl,
	author = {H. Kamp},
	title = {A Scenic Tour through the Land of Naked Infinitives},
	note = {Manuscript},
	year = {1983}
}

@inproceedings{Kamp:atotas,
	author = {H. Kamp},
	title = {A Theory of Truth and Semantic Representation},
	booktitle = {Formal Methods in the Study of Language},
	year = {1981},
	organization = {Mathematisch Centrum, Amsterdam},
	editor = {J. Groenendijk and others}
}

@phdthesis{Kamp:tlatto,
	author = {H. Kamp},
	title = {Tense Logic and the Theory of Order},
	school = {UCLA},
	year = {1968}
}

@incollection{Kamp:ttaa,
	author = {Kamp, H.},
	title = {Two Theories about Adjectives},
	booktitle = {Formal Semantics for Natural Language},
	year = {1975},
	publisher = {Cambridge University Press},
	editor = {Keenan, E.},
	pages = {123-155},
	address = {Cambridge}
}

@incollection{Kamp:eiatr,
	author = {H. Kamp},
	title = {Events, Instants and Temporal Reference},
	booktitle = {Semantics from Different Points of View},
	year = {1979},
	publisher = {Springer, Berlin},
	editor = {B\"{a}uerle and Egli and Von Stechow},
	pages = {}
}

@InCollection{Kamp:ptasao,             
  author = 	"Kamp, H.",
  title = 	"Prolegomena to a Structural Account of Belief and
		 Other Attitudes",
  booktitle = 	"Propositional Attitudes---The Role of Content in
		 Logic, Language, and Mind",
  publisher = 	"University of Chicago Press and CSLI",
  year = 	"1990",
  editor = 	"Anderson, C. A. and Owens, J.",
  chapter = 	"2",
  pages = 	"27--90",
  address = 	"Stanford",
  topics = 	"belief articulated DRS DRT",
  note = 	"",
  was =		"Kamp90:belief"
}

		  
@article{KamRey:acffod,
	title = {A Calculus for First Order Discourse Representation
		  Structures},
	author = {H. Kamp and U. Reyle},
	journal = {Journal of Logic, Language and Information},	   
	year = {1996},
        volume = {5},   
	number = {3--4}, 
        pages = {297--348}
}

@book{KamRey:fdtl,
	title = {From Discourse to Logic},
	publisher = {Kluwer},
	year = {1993},
	author = {Kamp, H. and Reyle, U.},
	address = {Dordrecht}
}

@incollection{KamRoh:tit,
	author = {H. Kamp and C. Rohrer},
	title = {Tense in Texts},
	booktitle = {Meaning, Use and Interpretation of Language},
	year = {1983},
	publisher = {De Gruyter, Berlin},
	editor = {B\"{a}uerle and Schwarze and Von Stechow},
	pages = {250--269}
}

@techreport{KamRos:rolsdcaldi,
	title = {Remarks on Lexical Structure, DRS-Construction and
		  Lexically Driven Inferences},
	author = {Kamp, H. and Ro\ss deutscher, A.},
	institution = {IMS Stuttgart, Germany},
	year = {1992},
	type = {Arbeitspapiere des Sonderforschungsbereichs 340},
	number = {21}
}


@unpublished{KamRos:dcaldi,
	author = {Kamp, H. and Ro\ss deutscher, A.},
	title = {DRS-Construction and Lexically Driven Inferences},
	note = {to appear in: (ed) H. Schnelle, Lexical Semantics},
	year = {1994}
}

@unpublished{KamRos:rolsadc,
	author = {Kamp, H. and Ro\ss deutscher, A.},
	title = {Remarks on Lexical Structure and DRS-Construction},
	note = {to appear in: (ed) H. Schnelle, Lexical Semantics},
	year = {1994}
}



@Article{KanRev:otrocc,
  author = 	 {P. Kanellakis and P.Z. Revesz},
  title = 	 {On the Relationship of Congruence Closure and Unification},
  journal = 	 {Journal of Symbolic Computation},
  year = 	 {1989},
  OPTkey = 	 {},
  OPTvolume = 	 {},
  OPTnumber = 	 {},
  OPTpages = 	 {},
  OPTmonth = 	 {},
  OPTnote = 	 {},
  OPTannote = 	 {}
}

@article{KapMon:apr,
	author = {D. Kaplan and R. Montague},
	title = {A Paradox Regained},
	journal = {Notre Dame Journal of Formal Logic},
	year = {1960},
	volume = {1},
	pages = {79--90}
}



@Article{Karczmarczuk:gpols,
  author = 	 {J. Karczmarczuk},
  title = 	 {Generating Power of Lazy Semantics},
  journal = 	 {Theoretical Computer Science},
  year = 	 {1997},
  OPTkey = 	 {},
  volume = 	 {187},
  OPTnumber = 	 {},
  OPTpages = 	 {203--217},
  OPTmonth = 	 {},
  OPTnote = 	 {},
  OPTannote = 	 {}
}

@incollection{KarPet:ci,
	author = {L. Karttunen and S. Peters},
	title = {Conventional Implicature},
	booktitle = {Syntax and Semantics 11: Presupposition},
	year = {1979},
	publisher = {Academic Press},
	editor = {C.-K. Oh and D. Dinneen},
	pages = {1--56},
	place = {New York}
}

@incollection{Karttunen:dr,
	author = {L. Karttunen},
	title = {Discourse Referents},
	booktitle = {Syntax and Semantics 7},
	year = {1976},
	publisher = {Academic Press},
	editor = {J. McCawley},
	pages = {363--385},
	place = {New York}
}

@article{Karttunen:palc,
	author = {L. Karttunen},
	title = {Presupposition and Linguistic Context},
	journal = {Theoretical Linguistics},
	year = {1974},
	pages = {181--194}
}

@article{Karttunen:pocs,
	author = {L. Karttunen},
	title = {Presuppositions of Compound Sentences},
	journal = {Linguistic Inquiry},
	year = {1973},
	volume = {4},
	pages = {169--193}
}

@Article{Karttunen:tsasoq,
  author = 	"Karttunen, L.",
  title = 	"The Syntax and Semantics of Questions",
  journal = 	LP,
  year = 	"1977",
  volume = 	"1",
  number = 	"",
  pages = 	"1--44",
  month = 	"",
  note = 	""
}


@inproceedings{KasRou:aclcfr,
	author = {R.T. Kasper and W.C. Rounds},
	title = {A Complete Logical Calculus for Record Structures Representing Linguistic Information},
	booktitle = {Proceedings of the 15th Annual Symposium on Logic in Computer Science},
	year = {1986},
	address = {Cambridge, Massachusetts}
}

@article{Kay:tiop,
	author = {P. Kay},
	title = {The Inheritance of Presuppositions},
	journal = {Linguistics and Philosophy},
	year = {1992},
	volume = {15},
	number = {4},
	pages = {333--379}
}



@Book{Keefe:tcop,
  author = 	 {O'Keefe,  R.A.},
  ALTeditor = 	 {},
  title = 	 {The Craft of {P}rolog},
  publisher = 	 {MIT Press},
  year = 	 {1990},
  OPTkey = 	 { },
  OPTvolume = 	 {},
  OPTnumber = 	 {},
  OPTseries = 	 {},
  OPTaddress = 	 {},
  OPTedition = 	 {},
  OPTmonth = 	 {},
  OPTnote = 	 {},
  OPTannote = 	 {}
}

@incollection{Keenan:unqinl,
	author = {Keenan, E.},
	title = {Unreducible n-ary Quantification in Natural Language},
	booktitle = {Generalized Quantifiers, 
                     Linguistic and Logical Approaches},
	year = {1987},
	publisher = {Reidel},
	editor = {G\"{a}rdenfors, P.},
	pages = {109-150},
	address = {Dordrecht}
}

@Article{Keenan:btfb,
  author = 	 {Keenan, E.},
  title = 	 {Beyond the {F}rege Boundary},
  journal = 	 {Linguistics and Philosophy},
  year = 	 {1992},
  OPTkey = 	 {},
  volume = 	 {15},
  number = 	 {2},
  pages = 	 {199-221},
  OPTmonth = 	 {},
  OPTnote = 	 {},
  OPTannote = 	 {}
}



@Unpublished{Keenan99:btfbII,
  author = 	 {E. Keenan},
  title = 	 {Beyond the {F}rege Boundary; {II}},
  note = 	 {\url{http://www.folli.uva.nl/CD/1999/library/pdf/Fr-bdr2c.pdf}},
  year =	 1999
}

@article{KeeSta:nld,
	author	= "Keenan, E. L. and Stavi, J.",
	fullname= "Keenan, E. L. and Stavi, Jonathan",
	title	= "Natural Language Determiners",
	journal	= "Linguistics and Philosophy",
	year	= "1986",
	volume	= "9",
	pages	= "253-326"
	}


@inproceedings{Kehler:teoeci,
        author = {A. Kehler},
        title = {The Effect of Establishing Coherence in Ellipsis and
                 Anaphora Resolution},
        booktitle = {Proceedings 31st Annual Meeting of 
               the Association for Computational Linguistics},
        year = {1993},
        pages = {62--69}
}

@inproceedings{Kehler:adcafe,
        author = {A. Kehler},
        title = {A Discourse Copying Algorithm for Ellipsis
               and Anaphora Resolution},
        booktitle = {Proceedings 6th European ACL},
        year = {1993},
        pages = {203--212}
}

@book{Keller:flidag,
        author = {B. Keller},
        title = {Feature Logics, Infinitary Descriptions and Grammar},
	publisher = {CSLI},
	year = {1993},
	series = {CSLI Lecture Notes},
	address = {Stanford, CA.},
	number = {44}
}

@book{Keller:tsoml, 
   author = {H. Keller},
   title = {The Story of my Life}, 
   publisher = {Dell Publishers},
   year = {1978 (1902)}
}


@Book{KerRit:tcpl,
  author = 	 {Kernighan, B. W. and Ritchie, D. M.},
  ALTeditor = 	 {},
  title = 	 {The {C} programming language},
  publisher = 	 {Prentice Hall},
  year = 	 {1978},
  OPTkey = 	 {},
  OPTvolume = 	 {},
  OPTnumber = 	 {},
  OPTseries = 	 {},
  address = 	 {Englewood Cliffs (NJ)},
  OPTedition = 	 {},
  OPTmonth = 	 {},
  OPTnote = 	 {},
  OPTannote = 	 {}
}



@Article{KipSta:sasrip,
  author = 	 {P. Kiparski and J.F. Staal},
  title = 	 {Syntactic and Semantic Relations in {P}anini},
  journal = 	 {Foundations of Language},
  year = 	 {1969},
  OPTkey = 	 {},
  volume = 	 {5},
  OPTnumber = 	 {},
  pages = 	 {83--117},
  OPTmonth = 	 {},
  OPTnote = 	 {},
  OPTannote = 	 {}
}

@article{Klein:asfpac,
	author = {Klein, E.},
	title = {A Semantics for Positive and Comparative Adjectives},
	journal = {Linguistics and Philosophy},
	year = {1980},
	volume = {4},
	pages = {1-45}
}

@incollection{Klein:c,
	author = {Klein, E.},
	title = {Comparatives},
	booktitle = {Semantik},
	year = {1991},
	publisher = {de Gruyter},
	editor = {von Stechow, A. and Wunderlich, D.},
	volume = {6},
	chapter = {VIII},
	pages = {673-691},
	series = {Handb\"ucher zur Sprach- und Kommunikationswissenschaft},
	address = {Berlin}
}

@incollection{Klein:veidt,
	author = {Klein, E.},
	title = {VP Ellipsis in DR Theory},
	booktitle = {Studies in Discourse Representation Theory and the Theory of Generalized Quantifiers},
	year = {1987},
	publisher = {Foris},
	editor = {J. Groenendijk and D. de Jongh and M. Stokhof},
	number = {8},
	pages = {161-187},
	series = {Groningen-Amsterdam Studies in Semantics},
	address = {Dordrecht}
}

@Unpublished{Klint03:atitr,
  author = 	 {P. Klint},
  title = 	 {A Tutorial Introduction to {R}script},
  note = 	 {Centre for Mathematics and Computer Science, Amsterdam},
  month =	 {December},
  year =	 2003
}

@incollection{Klop:trs,
	author = {J.W. Klop},
	title = {Term Rewriting Systems},
	booktitle = {Handbook of Logic in Computer Science},
	year = {1992},
	publisher = {Oxford University Press},
	editor = {S. Abramski and D. Gabbay and T. Maibaum}, 
        pages = {1--116}
}
		  
@InProceedings{Kogel:reus,
  author = 	 {Kogel, E. de},
  title = 	 {Rigid {E}-Unification Simplified},
  booktitle = 	 {Theorem Proving with Analytic Tableaux and Related Methods},
  OPTcrossref =  {},
  OPTkey = 	 {},
  pages = 	 {17--30},
  year = 	 {1995},
  editor = 	 {P. Baumgartner and R. H\"ahnle and J. Posegga},
  OPTvolume = 	 {},
  OPTnumber = 	 {},
  OPTseries = 	 {},
  OPTaddress = 	 {},
  OPTmonth = 	 {},
  OPTorganization = {},
  publisher = {Springer},
  OPTnote = 	 {},
  OPTannote = 	 {}
}

@InProceedings{KohKusPin:atsfl,
  author = 	 "M. Kohlhase and S. Kuschert and M. Pinkal",
  title = 	 "A type-theoretic semantics for $\lambda$-{DRT}",
  OPTcrossref =  "",
  OPTkey = 	 "",
  editor = 	 "P. Dekker and M. Stokhof",
  OPTvolume = 	 "",
  OPTnumber = 	 "",
  OPTseries = 	 "",
  OPTpages = 	 "",
  booktitle =    "Proceedings of the Tenth Amsterdam Colloquium",
  year = 	 "1996",
  organization = "ILLC",
  OPTpublisher = "",
  address = 	 "Amsterdam",
  OPTmonth = 	 "",
  OPTnote = 	 "",
  OPTannote = 	 ""
}

@TechReport{CP-NL,
  author =       {Alexander Koller and Joachim Niehren},
  title =        {Constraint Programming Technology in Computational Linguistics},
  institution =  {Universit{\"a}t des Saarlandes, Programming Systems Lab},
  year =         2000,
  note =  {Submitted. Available at
    \url{http://www.ps.uni-sb.de/Papers/abstracts/CP-NL.html}}
}

@incollection{KolVaa:gqapgo, 
    author = {F. Kolaitis and J. V\"a\'an\'anen}, 
    title = {Generalized Quantifiers and Pebble Games on Finite Structures}, 
    booktitle = {Proceedings of the 7th {IEEE} Symposium on Logic in 
    Computer Science}, 
    pages = {348--359},
    year = {1992}
}


@techreport{Konig:asigd,
	title = {A Study in Grammar Design},
	author = {K\"{o}nig, E.},
	institution = {IMS Stuttgart, Germany},
	year = {1994},
	type = {Arbeitspapiere des Sonderforschungsbereichs 340},
	number = {54}
}



@InProceedings{KooBen04:rafea,
  author = 	 {B. Kooi and J. van Benthem},
  title = 	 {Reduction Axioms for Epistemic Actions},
  booktitle = 	 {{AiML-2004}: Advances in Modal Logic},
  pages =	 {197--211},
  year =	 2004,
  editor =	 {R. Schmidt and I Pratt-Hartmann 
                  and M. Reynolds and H. Wansing},
  number =	 {UMCS-04-9-1},
  series =	 {Technical Report Series},
  publisher =	 {University of Manchester}
}

@PhdThesis{Kooi03:kcac,
  author = 	 {Kooi, Barteld P.},
  title = 	 {Knowledge, Chance, and Change},
  school = 	 {Groningen University},
  year = 	 2003
}

@unpublished{Koons:dsfd,
	author = {Koons},
	title = {Deduction System for {DRT}},
	note = {(ms.) Austin, Texas},
	year = {1988}
}


@unpublished{KowSer:albcoe, 
        author = {R.A. Kowalski and M. Sergot}, 
        title = {A Logic Based Calculus of Events}, 
        note = {Report, Dept of Computing, Imperial College, London}, 
	year = {1985}
}

@incollection{Kozen:oaa, 
        author = {D. Kozen}, 
        title = {On Action Algebras}, 
	booktitle = {Logic and Information Flow},
        pages = {78--88}, 
	year = {1994},
	publisher = {MIT Press, Cambridge, Mass.},
	editor = {Eijck, J. van and A. Visser}
}

@Article{Kozen:rotpm,
  author = 	 {D. Kozen},
  title = 	 {Results on the Propositional $\mu$-Calculus},
  journal = 	 {Theoretical Computer Science},
  year = 	 1983,
  volume = 	 27,
  pages = 	 {333-354}
}

@Article{KozPar81:aepotc,
  author = 	 {D. Kozen and R. Parikh},
  title = 	 {An elementary proof of the completeness of {PDL}},
  journal = 	 {Theoretical Computer Science},
  year = 	 1981,
  volume =	 14,
  pages =	 {113-­118}
}

@incollection{KozTiu:lop,
	author = {D. Kozen and J. Tiuryn},
	title = {Logics of Programs},
	booktitle = {Handbook of Theoretical Computer Science, Volume B},
	year = {1990},
	publisher = {Elsevier},
	editor = {J. van Leeuwen},
	pages = {789--840},
	place = {Amsterdam}
}

@Book{Knuth:lp,
  author = 	 {Knuth, D.E.},
  ALTeditor = 	 {},
  title = 	 {Literate Programming},
  publisher = 	 {CSLI},
  year = 	 {1992},
  OPTkey = 	 {},
  OPTvolume = 	 {},
  OPTnumber = 	 {},
  series = 	 {{CSLI} Lecture Notes, no. 27},
  address = 	 {Stanford},
  OPTedition = 	 {},
  OPTmonth = 	 {},
  OPTnote = 	 {},
  OPTannote = 	 {}
}

@InProceedings{KnuBen:swpiua,
  author = 	 {Knuth, D.E. and P.B. Bendix},
  title = 	 {Simple Word Problems in Universal Algebras},
  booktitle = 	 {Computational Problems in Abstract Algebra},
  OPTcrossref =  {},
  OPTkey = 	 {},
  pages = 	 {263---297},
  year = 	 {1970},
  editor = 	 {J. Leech},
  OPTvolume = 	 {},
  OPTnumber = 	 {},
  OPTseries = 	 {},
  address = 	 {Oxford},
  OPTmonth = 	 {},
  OPTorganization = {},
  publisher = {Pergamon Press},
  OPTnote = 	 {},
  OPTannote = 	 {}
}

@Book{Koerner:tpoc,
  author = 	 {T.W. K\"{o}rner},
  ALTeditor = 	 {},
  title = 	 {The Pleasures of Counting},
  publisher = 	 {Cambridge University Press},
  year = 	 {1996},
  OPTkey = 	 {},
  OPTvolume = 	 {},
  OPTnumber = 	 {},
  OPTseries = 	 {},
  OPTaddress = 	 {},
  OPTedition = 	 {},
  OPTmonth = 	 {},
  OPTnote = 	 {},
  OPTannote = 	 {}
}

@InProceedings{Kohlhase:mgfdrt,
  author = 	 {M. Kohlhase},
  title = 	 {Model Generation for {D}iscoure {R}epresentation
                  {T}heory},
  booktitle = 	 {ECAI Proceedings},
  OPTcrossref =  {},
  OPTkey = 	 {},
  OPTpages = 	 {},
  year = 	 {2000},
  OPTeditor = 	 {},
  OPTvolume = 	 {},
  OPTnumber = 	 {},
  OPTseries = 	 {},
  OPTaddress = 	 {},
  OPTmonth = 	 {},
  OPTorganization = {},
  OPTpublisher = {},
  note = 	 {Available from \verb^http://www.ags.uni-sb.de/~kohlhase/^.},
  OPTannote = 	 {}
}

@InCollection{Kohlhase:hoatp,
  author = 	 {M. Kohlhase},
  title = 	 {Higher-order Automated Theorem Proving},
  booktitle = 	 {Deduction --- A Basis for Applications},
  OPTcrossref =  {},
  OPTkey = 	 {},
  OPTpages = 	 {},
  publisher =    {Kluwer},
  year = 	 {1998},
  editor = 	 {Bibel and Schmidt},
  OPTvolume = 	 {},
  OPTnumber = 	 {},
  OPTseries = 	 {},
  OPTtype = 	 {},
  OPTchapter = 	 {},
  OPTaddress = 	 {},
  OPTedition = 	 {},
  OPTmonth = 	 {},
  OPTnote = 	 {},
  OPTannote = 	 {}
}



@Unpublished{KouNor:dgwd,
  author = 	 {E. Koutsofios and S. North},
  title = 	 {Drawing graphs with {\em dot}},
  note = 	 {Available from \url{http://www.research.att.com/~north/graphviz/}},
  OPTkey = 	 {},
  OPTmonth = 	 {},
  OPTyear = 	 {},
  OPTannote = 	 {}
}

@incollection{Kracht:lac,
	author = {M. Kracht},
	title = {Logic and Control: How They Determine the Behaviour of Presuppositions},
	booktitle = {Logic and Information Flow},
	year = {1994},
        pages = {89--111},
	publisher = {MIT Press, Cambridge, Mass.},
	editor = {Eijck, J. van and A. Visser}
}

@inproceedings{Kracht:maocr,
	author = {M. Kracht},
	title = {Mathematical Aspects of Command Relations},
	booktitle = {Sixth Conference of the European Chapter of the Association for Computational Linguistics --- Proceedings of the Conference},
	year = {1993},
	publisher = {ACL},
	pages = {240--249},
	editor = {S. Krauwer and M. Moortgat and Louis des Tombe}
}

@article{Kracht:otlocd,
	author = {M. Kracht},
	title = {On the Logic of Category Definitions},
	journal = {Computational Linguistics},
	year = {1989},
	volume = {15},
	number = {2},
	pages = {111--113}
}

@unpublished{Kracht:pl,
	author = {M. Kracht},
	title = {Partial Logic---Lecture Notes},
	note = {Manuscript, Free University of Berlin},
	year = {1992}
}

@unpublished{Kracht:nasis,
	author = {M. Kracht},
	title = {Nearness and Syntactic Influence Spheres}, 
	note = {Manuscript, Free University of Berlin},
	year = {1993}
}

@unpublished{Kracht:scagr,
	author = {M. Kracht},
	title = {Syntactic Codes and Grammar Refinement},
	note = {Manuscript, Free University of Berlin, to appear in 
        the Journal of Logic, Language and Information},
	year = {1994}
}

@phdthesis{Kracht:idacim,
	author = {M. Kracht},
	title = {Internal Definability and Completeness in Modal Logic}, 
	school = {Free University of Berlin},
	year = {1990}
}

@incollection{Krahmer:pad, 
        author = {E. Krahmer}, 
        title = {Partiality and dynamics; theory and application}, 
        booktitle = {Proceedings 9th Amsterdam Colloquium}, 
        editor = {P. Dekker and M. Stokhof}, 
        pages = {391--410},
        publisher = {ILLC, Amsterdam}, 
	year = {1994}
}

@Article{Kratzer:wmacma,                      
  author = 	"Kratzer, A.",
  fullname =	"Kratzer, Angelica",
  title = 	"What `must' and `can' must and can mean",
  journal = 	"Linguistics and Philosophy",
  year = 	"1977",
  volume = 	"1",
  OPTnumber = 	"",
  pages = 	"337-355",
  topics = 	"conditionals modality",
  comments = 	"quoted by C. Roberts"
}

@InCollection{Kratzer:cnap,
  author = 	 "Kratzer, A.",
  title = 	 "Conditional necessity and possibility",
  booktitle =	 "Semantics from Different Points of View",
  publisher =	 "Springer Verlag",
  year =	 1979,
  OPTeditor = 	 "Egli, U. and B{\"a}uerle, R. and von Stechow, A.",
  address =	 "Berlin"
}

@Article{Kratzer:aiotlo,                
  author = 	"Kratzer, A.",
  title = 	"An Investigation of the Lumps of Thought",
  journal = 	"LInguistics and Philosophy",
  year = 	"1989",
  volume = 	"12",
  pages = 	"607--653",
  topics = 	"natural language semantics 
                 situation theory generics counterfactuals",
  where =       "HAVE - focus seminar",
  note = 	""
}

@unpublished{Krifka:fqadi,
	author = {Krifka, M.},
	title = {Focus, Quantification and Dynamic Interpretation},
	note = {Prefinal Version, Austin, Texas},
	year = {1992}
}

@techreport{Krifka:nratc,
	title = {Nominal Reference and Temporal Constitution: Towards a Semantics of Quantity},
	author = {Krifka, M.},
	institution = {Forschungsstelle f\"{u}r Nat\"{u}rlich Sprachliche Systeme},
	year = {1987},
	type = {FNS Bericht},
	number = {17},
	address = {T\"{u}bingen}
}


@InCollection{Krifka:nrtcaq,
  author = 	"Krifka, M.",
  fullname =	"Krifka, Manfred",
  title = 	"Nominal Reference, Temporal Constitution and
		 Quantification in Event Semantics",
  booktitle = 	"Semantics and Contextual Expressions",
  publisher = 	"Foris",
  year = 	"1989",
  editor = 	"Bartsch, R. and van Benthem, J. and van Emde-Boas, P.",
  pages = 	"75--115",
  address = 	"Dordrecht",
  month = 	"",
  note = 	""
}


@Misc{Krifka:elqqam,
  author = 	"Krifka, M.",
  title = 	"Event Lattices: Quantization, Quantification and Measurement 
		 in Event Semantics",
  howpublished = 	"Paper for the Conference ``The Structure of Events:
			 Natural Language Metaphysics'', University of Texas
			 at Austin",
  month = 	"February",
  year = 	"1988",
  note = 	"",
  topics =	"natural language semantics tense aspect event structure"
}

@Misc{Krifka:el,                         
  author = 	"Krifka, M.",
  title = 	"Event Lattices: Quantization, Quantification and Measurement 
		 in Event Semantics",
  howpublished = 	"Paper for the Conference ``The Structure of Events:
			 Natural Language Metaphysics'', University of Texas
			 at Austin",
  month = 	"February",
  year = 	"1988",
  note = 	"",
  topics =	"natural language semantics tense aspect event structure"
}

@book{Krifka:nruz,
	title = {Nominale Referenz und Zeitkonstitution},
	publisher = {Wilhelm Fink Verlag},
	year = {1989},
	author = {Krifka, M.},
	address = {M\"{u}nchen}
}

@incollection{Kripke:apab,
	author = {S. Kripke},
	title = {A puzzle about belief},
	booktitle = {Meaning and Use},
	year = {1979},
	publisher = {Reidel, Dordrecht},
	editor = {A. Margalit}
}

@article{Kripke:ooatot,
	author = {S.A. Kripke},
	title = {Outline of a Theory of Truth},
	journal = {Journal of Philosophy},
	year = {1975},
	volume = {72},
	pages = {690-715}
}

@incollection{Kripke:nan,
	author = {S.A. Kripke},
	title = {Naming and Necessity},
        booktitle = {Semantics of Natural Language}, 
        editor = {D. Davidson and G. Harman}, 
	year = {1972},
	pages = {253--355},
        publisher = {Reidel}, 
        address = {Dordrecht} 
}



@PhdThesis{Kroch:tsosie,
  author = 	 "A.S. Kroch",
  title = 	 "The Semantics of Scope in English",
  school = 	 "MIT",
  year = 	 "1974",
  OPTcrossref =  "",
  OPTkey = 	 "",
  OPTaddress = 	 "",
  OPTmonth = 	 "",
  OPTtype = 	 "",
  OPTnote = 	 "",
  OPTannote = 	 ""
}


@InProceedings{Kuehn:rh,
  author = 	 {Michael K\"{u}hn},
  title = 	 {Rigid Hypertableaux},
  booktitle = 	 {{KI-97}: Advances in Artificial Intelligence},
  OPTcrossref =  {},
  OPTkey = 	 {},
  pages = 	 {87--98},
  year = 	 {1997},
  editor = 	 {G. Brewka and C. Habel and B. Nebel},
  OPTvolume = 	 {},
  OPTnumber = 	 {},
  OPTseries = 	 {},
  OPTaddress = 	 {},
  OPTmonth = 	 {},
  OPTorganization = {},
  OPTpublisher = {},
  OPTnote = 	 {},
  OPTannote = 	 {}
}

@article{Kuhn:aaopfl, 
  author = {S. Kuhn}, 
  title = {An Axiomatisation of Predicate Functor Logic}, 
  journal = NDJ, 
  year = {1983}, 
  volume = {24}, 
  pages = {233--241}
}



@PhdThesis{Kuschert:dmaa,
  author = 	 {S. Kuschert},
  title = 	 {Dynamic Meaning and Accommodation},
  school = 	 {Universit\"at des Saarlandes},
  year = 	 {2000},
  OPTkey = 	 {},
  OPTtype = 	 {},
  OPTaddress = 	 {},
  OPTmonth = 	 {},
  note = 	 {Thesis defended in 1999},
  OPTannote = 	 {}
}

@MastersThesis{Kuschert:eedlud,
  author = 	 "S. Kuschert",
  title = 	 {Eine {E}rweiterung des $\lambda$-{K}ak\"uls um 
                  {D}iskursrepresentationsstrukturen},
  school = 	 {Universit\"at des Saarlandes},
  year = 	 "1995",
  OPTcrossref =  "",
  OPTkey = 	 "",
  OPTaddress = 	 "",
  OPTmonth = 	 "",
  OPTnote = 	 "",
  OPTtype = 	 "",
  OPTannote = 	 ""
}

@Book{Laczkovich:cap,
  author = 	 {M. Laczkovich},
  ALTeditor = 	 {},
  title = 	 {Conjecture and Proof},
  publisher = 	 {The Mathematical Association of America},
  year = 	 {2001},
  OPTkey = 	 {},
  OPTvolume = 	 {},
  OPTnumber = 	 {},
  OPTseries = 	 {},
  OPTaddress = 	 {},
  OPTedition = 	 {},
  OPTmonth = 	 {},
  OPTnote = 	 {},
  OPTannote = 	 {}
}

@Article{Lardner1834:bce,
  author = 	 {D. Lardner},
  title = 	 {Babbage's Calculating Engine},
  journal = 	 {Edinburgh Review},
  year = 	 {1834},
  OPTkey = 	 {},
  OPTvolume = 	 {},
  OPTnumber = 	 {},
  OPTpages = 	 {},
  OPTmonth = 	 {},
  OPTnote = 	 {Reprinted in \cite{Babbage:otpad}},
  OPTannote = 	 {}
}

%L 


@Article{Ladner77:tccop,
  author = 	 {R.E. Ladner},
  title = 	 {The computational complexity of provability in 
                  systems of modal propositional logic},
  journal = 	 {{SIAM} journal on Computing},
  year = 	 {1977},
  OPTkey = 	 {},
  volume = 	 {6},
  number = 	 {3},
  pages = 	 {467--480},
  OPTmonth = 	 {},
  OPTnote = 	 {},
  OPTannote = 	 {}
}

@PhDThesis{Lahiri:eiapte,
  author = 	"Lahiri, U.",
  title = 	"Embedded Interrogatives and Predicates that Embed Them",
  school = 	"MIT",
  year = 	"1991",
  address = 	"",
  month = 	"",
  note = 	""
}


@book{Lakatos:pr,
      author = {I. Lakatos},
      title = {Proofs and Refutations: The Logic of Mathematical
               Discovery}, 
      publisher ={Cambridge University Press},
      address = {Cambridge},
      year = {1976}
}

@article{Lambek:tmoss,
	author = {J. Lambek},
	title = {The Mathematics of Sentence Structure},
	journal = {American Mathematical Monthly},
	year = {1958},
	volume = {65},
	pages = {154--180}
}

@book{LamSco:hcl,
       author = {J. Lambek and P.J. Scott},
       title = {Introduction to Higher-Order Categorial Logic},
       publisher = {Cambridge University Press},
       address = {Cambridge},
       year = {1986},
       series = {Cambridge Studies in Advanced Mathematics 7}
}
 
@article{Landman:gptt,
	author =	"Landman, F.",
	year =		1989,
	title = 	"{`Groups', Part I, II}",
	journal = 	"Linguistics and Philosophy",
	volume =	12,
	pages =		"559--605, 723--744"
}

@book{Landman:sfs,
	title = {Structures for Semantics},
	publisher = {Kluwer},
	year = {1991},
	author = {Landman, F.},
	address = {Dordrecht}
}

@phdthesis{Landman:tatoi,
	author = {F. Landman},
	title = {Towards a Theory of Information},
	school = {University of Amsterdam},
	year = {1986}
}

@book{Langholm:ptap,
	title = {Partiality, Truth and Persistence},
	publisher = {CSLI, Stanford},
	year = {1988},
	author = {T. Langholm},
	volume = {15},
	series = {CSLI Lecture Notes},
	note = {Distributed by University of Chicago Press}
}

@incollection{LanSav:tppfp,
	author = {D.T. Langendoen and H. Savin},
	title = {The Projection Problem for Presuppositions},
	booktitle = {Studies in Linguistic Semantics},
	year = {1971},
	publisher = {Holt},
	editor = {C. Filmore and D.T. Langendoen},
	pages = {55--62},
	address = {New York}
}

@Article{LanMoe:cataoa,
  author = 	 {F. Landman and I. Moerdijk},
  title = 	 {Compositionality and the Analysis of Anaphora},
  journal = 	 {Linguistics and Philosophy},
  year = 	 {1983},
  OPTkey = 	 {},
  volume = 	 {6},
  OPTnumber = 	 {},
  pages = 	 {89--114},
  OPTmonth = 	 {},
  OPTnote = 	 {},
  OPTannote = 	 {}
}

@techreport{Lapierre:afpsfi, 
        author = {S. Lapierre}, 
        title = {A Functional Partial Semantics for Intensional Logic}, 
        number = {LP-90-12}, 
        institute = {ILLC, Amsterdam}, 
        year = {1990}
}

@incollection{Lappin:tsboer, 
        author = {S. Lappin}, 
        title = {The Syntactic Basis of Ellipsis Resolution}, 
        editor = {S. Berman and A. Hestvik}, 
        year = {1993}, 
        booktitle = {Proceedings of the Stuttgart Ellipsis Workshop}, 
        series = {Arbeitspapiere des Sonderforschungsbereichs 340}, 
        publisher = {University of Stuttgart, Stuttgart} 
}

@inproceedings{LasAsh:asapft,
	author = {Lascarides, A. and Asher, N.},
	title = {A Semantics and Pragmatics for the Pluperfect},
	booktitle = {EACL 93},
	year = {1993},
	pages = {250-259},
	address = {Utrecht}
}



@Article{LasCS:oiaptd,
  author = 	 "A. Lascarides and T. Briscoe and N. Asher and A. Copestake",
  title = 	 "Order Independent and Persistent Typed Feature Unification",
  OPTcrossref =  "",
  OPTkey = 	 "",
  journal = 	 "Linguistics and Philosophy",
  year = 	 "1996",
  volume = 	 "19",
  OPTnumber = 	 "",
  pages = 	 "1--89",
  OPTmonth = 	 "",
  OPTnote = 	 "",
  OPTannote = 	 ""
}

@inproceedings{LasObe:tciadc,
	author = {Lascarides, A. and Oberlander, J.},
	title = {Temporal Connectives in a Discourse Context},
	booktitle = {EACL 93},
	year = {1993},
	pages = {260-268},
	address = {Utrecht}
}

@book{Leisenring:mlahes,
	title = {Mathematical Logic and Hilbert's $\epsilon $-symbol},
	publisher = {MacDonald, London},
	year = {1969},
	author = {A.C.  Leisenring}
}

@book{Lenerz:zansid,
	title = {Zur Abfolge nominaler Satzglieder im Deutschen},
	publisher = {Narr, T\"{u}bingen},
	year = {1977},
	author = {Lenerz, J.}
}

@inproceedings{LerPin:canq,
	author = {Lerner, J.-Y. and Pinkal, M.},
	title = {Comparatives and nested quantification},
	booktitle = {Proceedings of the 8th Amsterdam Colloqium},
	year = {1992},
	organization = {ILLC, University of Amsterdam},
	address = {Amsterdam},
	editor = {Stokhof, M. and Dekker, P.}
}

@article{LerSch:dtsrar,
	author = {Lerner, J. and Schatz, U.},
	title = {Does the sloppy/referential ambiguity reflect two uses of pronouns?},
	journal = {Zeitschrift f\"{u}r Sprachwissenschaft},
	year = {1989},
	number = {8},
	pages = {3-52}
}



@InCollection{Letz:fotm,
  author = 	 {R. Letz},
  title = 	 {First-Order Tableau Methods},
  booktitle = 	 {Handbook of Tableau Methods},
  OPTcrossref =  {},
  OPTkey = 	 {},
  OPTpages = 	 {125--169},
  publisher = {Kluwer},
  year = 	 {1999},
  OPTeditor = 	 {},
  OPTvolume = 	 {},
  OPTnumber = 	 {},
  OPTseries = 	 {},
  OPTtype = 	 {},
  OPTchapter = 	 {},
  OPTaddress = 	 {},
  OPTedition = 	 {},
  OPTmonth = 	 {},
  OPTnote = 	 {},
  OPTannote = 	 {}
}

@incollection{Levesque:aloiae,
	author = {H. Levesque},
	title = {A Logic of Implicit and Explicit Belief},
	booktitle = {Proceedings of the 6th National Conference of the AAAI},
	year = {1984},
	publisher = {Morgan Kaufman},
	pages = {198--202},
	address = {Palo Alto}
}

@Article{Levesque:aik,                   
  author = 	"Levesque, H. J.",
  title = 	"All {I} Know: A Study in Autoepistemic Logic",
  journal = 	"Artificial Intelligence Journal",
  year = 	1990,
  volume = 	42,
  number = 	"",
  pages = 	"263--309",
  month = 	"",
  note = 	""
}



@Article{Levesque:aikasi,
  author = 	"Levesque, H. J.",
  title = 	"All {I} Know: A Study in Autoepistemic Logic",
  journal = 	AIJ,
  year = 	"1990",
  volume = 	"42",
  number = 	"",
  pages = 	"263--309",
  month = 	"",
  note = 	""
}

@book{Levinson:p,
	title = {Pragmatics},
	publisher = {Cambridge University Press},
	year = {1983},
	author = {S.C.\ Levinson},
	place = {Cambridge}
}

@inproceedings{Lewin:aqsawa,
        author = {I. Lewin},
        title = {A Quantifier Scoping Algorithm without a Free-Variable 
                 Constraint},
        booktitle = {Proceedings 14th International Conference on
                     Computational Linguistics (COLING)},
        year = {1990},
        volume = {3},
        pages = {190--194}
}

@book{Lewis:siw, 
  author = {C.S. Lewis}, 
  title = {Studies in Words}, 
  publisher = {Cambridge University Press}, 
  address = {Cambridge}, 
  year = {1960}
}

@article{Lewis:gs,
	author = {D. Lewis},
	title = {General Semantics},
	journal = {Synthese},
	year = {1970},
	volume = {22},
	pages = {18--67}
}


@book{Lewis:c,
        author = {Lewis, D.}, 
        title = {Counterfactuals}, 
        publisher = {Basil Blackwell, Oxford}, 
        year = {1973}
}


@InCollection{Lewis:aoq,
  author = 	"Lewis, D. K.",
  title = 	"Adverbs of Quantification",
  booktitle = 	"Formal Semantics of Natural Language",
  publisher = 	"Cambridge University Press",
  year = 	"1975",
  editor = 	"Keenan, E.",
  chapter = 	"",
  pages = 	"",
  address = 	"Cambridge",
  note = 	""
}


@article{Lewis:skialg,
	author = {D. Lewis},
	title = {Score Keeping in a Language Game},
	journal = {Journal of Philosophical Logic},
	year = {1979},
	volume = {8},
	pages = {339--359}
}


@Book{LewPap:eottoc,
  author = 	 {H.R. Lewis and C.H. Papadimitriou},
  title = 	 {Elements of the Theory of Computation},
  publisher = 	 {Prentice-Hall},
  year = 	 1981
}

@unpublished{Lifschitz:tamoa, 
        author = {V. Lifschitz}, 
        title = {Towards a Metatheory of Action (preliminary report)}, 
        note = {Manuscript}, 
        year = {1990}
}

@unpublished{LigSch:krfls, 
   author = {M. Light and L. Schubert}, 
   title = {Knowledge Representation for Lexical Semantics: 
   Is Standard First Order Logic Enough?}, 
   note = {Manuscript}, 
   year = {1994}
}

@incollection{Link:foaftl,
	author = {Link, G.},
	title = {First Order Axioms for the Logic of Plurality},
	booktitle = {Processing Plurals and Quantification},
	year = {1991},
	publisher = {CSLI Lecture Notes},
	editor = {Allgayer, J.},
	address = {Stanford}
}

@techreport{Link:gqap,
	title = {Generalized Quantifiers and Plurals},
	author = {Link, G.},
	institution = {Stanford University},
	year = {1986},
	type = {Report},
	number = {CSLI-86-67},
	address = {CA}
}

@incollection{Link:p,
	author = {Link, G.},
	title = {Plural},
	booktitle = {Semantik (HSK)},
	year = {1991},
	publisher = {Walter de Gruyter},
	editor = {von Stechow, A. and Wunderlich, D.},
	pages = {418-440},
	address = {Berlin}
}

@incollection{Link:tlaopa,
	author = {Link, G.},
	title = {The Logical Analysis of Plurals and Mass Terms},
	booktitle = {Meaning, Use and Interpretation of Language},
	year = {1983},
	publisher = {Walter de Gruyter},
	editor = {B\"{a}uerle, R. and Schwarze, C. and von Stechow, A.},
	pages = {303-323},
	address = {Berlin}
}

@techreport{Lonning:saotlo,
	title = {Some Aspects of the Logic of Plural Noun Phrases},
	author = {Lonning, J.T.},
	institution = {Department of Mathematics},
	year = {1989},
	type = {COSMOS-Report},
	number = {11},
	address = {University of Oslo}
}

@techreport{Lorenz:tsusbd,
	title = {Temporales Schliessen unter Standardannahmen bei der Verabeitung nat\"{u}rlicher Sprache },
	author = {Lorenz, S.},
	institution = {IMS},
	year = {1993},
	type = {Arbeitspapiere des Sonderforschungsbereichs 340},
	number = {23},
	address = {Stuttgart}
}

@TechReport{Loveland:ad,
  author = 	 {D.W. Loveland},
  title = 	 {Automated Deduction: Some Achievements 
                  and Future Directions},
  institution =  {NSF},
  year = 	 {1997},
  OPTkey = 	 {},
  OPTtype = 	 {},
  OPTnumber = 	 {},
  OPTaddress = 	 {},
  OPTmonth = 	 {},
  note = 	 {Available from \verb+http://www.cs.duke.edu/NSFwkshopAD/+},
  OPTannote = 	 {}
}

%M

@Unpublished{Marlow:hug,
  author = 	 {S. Marlow},
  title = 	 {Happy User Guide},
  note = 	 {Description of the {H}askell Parser Generator, Version 1.4},
  OPTkey = 	 {},
  month = 	 {December},
  year = 	 {1997},
  OPTannote = 	 {}
}

@BOOK{MarTru:nl,
   AUTHOR = "V.W. Marek and M. Truczy\'{n}ksi",
   TITLE = "Nonmonotonic Logic: Context-Dependent Reasoning",
   SERIES = "Artificial Intelligence",
   PUBLISHER = "Springer-Verlag",
   YEAR = "1993"
}


@Article{MarMon:aeua,
  author = 	 {A. Martelli and U. Montanari},
  title = 	 {An Efficient Unification Algorithm},
  journal = 	 {{ACM} Transactions on Programming Languages and Systems},
  year = 	 {1982},
  OPTkey = 	 {},
  volume = 	 {4},
  OPTnumber = 	 {},
  pages = 	 {258--282},
  OPTmonth = 	 {},
  OPTnote = 	 {},
  OPTannote = 	 {}
}

@book{MartinLof:itt,
	title = {Intuitionistic Type Theory},
	publisher = {Bibliopolis},
	year = {1984},
	author = {P. Martin-L\"{o}f}
}

@incollection{MartinLof:cmacp,
	author =	"{Martin-L\"{o}f}, P.",
	year =		1982,
	title =		"Constructive Mathematics and Computer Programming",
	booktitle =	"Logic, Methodology and Philosophy of Science {VI}",
	editor =	"Cohen and Los and Pfeiffer and Podewski",
	publisher =	"North Holland",
	pages =		"153--179"
}

@book{MartinLof:sipt,
	author =	"{Martin-L\"{o}f}, P.",
	year =		1984,
	title =		"Studies in Proof Theory (Lecture Notes)",
	publisher =	"Bibliopolis",
	address =	"Napoli"
}



@Unpublished{Marx02:nsas,
  author = 	 {M. Marx},
  title = 	 {Narcissists, Stepmothers and Spies},
  note = 	 {Manuscript, ILLC},
  OPTkey = 	 {},
  OPTmonth = 	 {},
  year = 	 {2002},
  OPTannote = 	 {}
}


@Article{Marx01:tl,
  author = 	 {M. Marx},
  title = 	 {Tolerance Logic},
  journal = 	 {Journal of Logic, Language and Information},
  year = 	 {2001},
  OPTkey = 	 {},
  volume = 	 {10},
  number = 	 {3},
  pages = 	 {353--373},
  OPTmonth = 	 {},
  OPTnote = 	 {},
  OPTannote = 	 {}
}

@phdthesis{Marx:araal,
   author = {M. Marx}, 
   title = {Algebraic Relativization and Arrow Logic},
   school = {ILLC, University of Amsterdam},
   year = {1995}
}   


@incollection{Mates:s,
	author = {B. Mates},
	title = {Synonymity},
	booktitle = {Semantics and the Philosophy of Language},
	year = {1952},
	publisher = {The University of Illinois Press},
	pages = {111-136},
	address = {Urbana}
}


@book{MayFie:iai,
        author = {May, R. and Fiengo, R.}, 
        title = {Indices and Identity}, 
        series = {Linguistic Inquiry Monograph}, 
        publisher = {MIT Press, Cambridge, Mass.}, 
        year = {1994}
}

@article{McCarthy:c,
	author = {J. McCarthy},
	title = {Circumscription --- A form of non-monotonic reasoning},
	journal = {Artificial Intelligence},
	year = {1980},
	volume = {13},
	pages = {27--39}
}

@Book{McConnell:cc,
  author =	 {Mc{C}onnell, Steve},
  title = 	 {Code Complete 2}, 
  publisher = 	 {Microsoft Press},
  year = 	 {2004 (second edition)}
}

@incollection{MccHay:sppfts,
	author = {McCarthy, J. and P. Hayes},
	title = {Some Philosophical Problems from the Standpoint of Artificial Intelligence},
	booktitle = {Machine Intelligence 4},
	year = {1969},
	publisher = {Edinburgh University Press},
	editor = {Meltzer, B. and Michie, D.},
	pages = {463--502},
	note = {Also appears in N. Nilsson and B. Webber (editors),  Readings in Artificial Intelligence, Morgan-Kaufmann},
	topics = {artificial intelligence AI situation calculus planning}
}

@article{McdDoy:nlo,
	author = {D. McDermott and J. Doyle},
	title = {Non-Monotonic Logic I},
	journal = {Artificial Intelligence},
	year = {1980},
	volume = {13},
	pages = {41--72}
}

@Article{McIlroy:psps,
  author = 	 {M.D. McIlroy},
  title = 	 {Power Series, Power Serious},
  journal = 	 {Journal of Functional Programming},
  year = 	 {1999},
  OPTkey = 	 {},
  volume = 	 {9},
  OPTnumber = 	 {},
  pages = 	 {323--335},
  OPTmonth = 	 {},
  OPTnote = 	 {},
  OPTannote = 	 {}
}

@Article{McIlroy:tmos,
  author = 	 {M.D. McIlroy},
  title = 	 {The Music of Streams},
  journal = 	 {Elsevier Preprints},
  year = 	 {2000},
  OPTkey = 	 {},
  OPTvolume = 	 {},
  OPTnumber = 	 {},
  OPTpages = 	 {},
  OPTmonth = 	 {},
  OPTnote = 	 {},
  OPTannote = 	 {}
}

@article{Mercer:dl,
	author = {R.E. Mercer},
	title = {Default Logic: Towards a Common Logical Semantics for Presuppositions and Entailments},
	journal = {Journal of Semantics},
	year = {1992},
	volume = {9},
	number = {3},
	pages = {223--250},
	note = {Special Issue: Presupposition, Part 1}
}

@book{Meulen:rtinl, 
     author = {Meulen, A.G.B. ter}, 
     title = {Representing Time in Natural Language; The Dynamic
     Interpretation of Tense and Aspect}, 
     publisher = {MIT Press}, 
     address = {Cambridge, Massachusetts}, 
     year = {1995}
}

@article{Meyer:adatdl, 
        author = {J.-J.Ch. Meyer}, 
        title = {A Different Approach to Deontic Logic: Deontic Logic Viewed as a Variant of Dynamic Logic}, 
        journal = {Notre Dame Journal of Formal Logic}, 
        volume = {29}, 
        year = {1988}, 
        pages = {109--136}
}

@incollection{MeyerViol:poad, 
        author = {Meyer Viol, W.}, 
        title = {Partial Objects and {DRT}}, 
        booktitle = {Proceedings of the Eighth Amsterdam Colloquium}, 
        editor = {P. Dekker and M. Stokhof},
        publisher = {ILLC, Amsterdam}, 
        year = {1992}, 
        pages = {381--402}
}

@phdthesis{MeyerViol:il, 
        author = {Meyer Viol, W.}, 
        title = {Instantial Logic}, 
        school = {OTS, Utrecht and ILLC, Amsterdam}, 
        year = {1995}
}

@incollection{Miller:alplwl,
	author = {D.A. Miller},
	title = {A logic programming language with lambda abstraction, function variables and simple unification},
	booktitle = {Extensions of Logic Programming},
	year = {1990},
	publisher = {Springer},
	editor = {P. Schroeder-Heister}
}

@Article{Milner:atotp,
  author = 	 {R. Milner},
  title = 	 {A Theory of Type Polymorphism in Programming},
  journal = 	 {Journal of Computer and System Sciences},
  year = 	 {1978},
  OPTkey = 	 {},
  volume = 	 {17},
  OPTnumber = 	 {},
  OPTpages = 	 {},
  OPTmonth = 	 {},
  OPTnote = 	 {},
  OPTannote = 	 {}
}


@Book{Milner:cams,
  author = 	 {R. Milner},
  ALTeditor = 	 {},
  title = 	 {Communicating and Mobile Systems: the $\pi$ Calculus},
  publisher = 	 {Cambridge University Press},  
  year = 	 {1999},
  OPTkey = 	 {},
  OPTvolume = 	 {},
  OPTnumber = 	 {},
  OPTseries = 	 {},
  OPTaddress = 	 {},
  OPTedition = 	 {},
  OPTmonth = 	 {},
  OPTnote = 	 {},
  OPTannote = 	 {}
}

@phdthesis{Milward:agncai,
        author = {D. Milward},
        title = {Axiomatic Grammar, Non-Constituent Coordination and
                 Incremental Interpretation},
        school = {Cambridge University},
        year = {1991}
}

@unpublished{Mikulas:thesis, 
    author = {Szabolcs Mikulas}, 
    title = {PhD Thesis on Algebraic Logic}, 
    note = {Manuscript, ILLC, Amsterdam}, 
    year = {1995}
}


 
@Book{Mlodinow03:stwf,
  author =	 {L. Mlodinow},
  title = 	 {Some time with {F}eynman},
  publisher = 	 {Penguin},
  year = 	 2003
}

@phdthesis{Moens:taatr,
  author =	"Moens, M.",
  fullname =	"Moens, Marc",
  title =	"Tense, Aspect and Temporal Reference",
  school =	"University of Edinburgh",
  year =	1987
}


@article{MoeSte:toatr,
	author = {Moens, M. and Steedman, M.},
	title = {Temporal Ontology and Temporal Reference},
	journal = {Computational Linguistics},
	year = {1988},
	volume = {14},
	number = {2},
	pages = {15-28}
}

@InCollection{Montague:eaafl,
  author = 	 {R. Montague},
  title = 	 {English as a Formal Language},
  booktitle = 	 {Formal Philosophy; 
                  Selected Papers of {R}ichard {M}ontague},
  OPTcrossref =  {},
  OPTkey = 	 {},
  pages = 	 {188--221},
  publisher = {Yale University Press},
  year = 	 {1974},
  editor = 	 {R.H. Thomason},
  OPTvolume = 	 {},
  OPTnumber = 	 {},
  OPTseries = 	 {},
  OPTtype = 	 {},
  OPTchapter = 	 {},
  address = 	 {New Haven and London},
  OPTedition = 	 {},
  OPTmonth = 	 {},
  OPTnote = 	 {},
  OPTannote = 	 {}
}

@InCollection{Montague:ug,
  author = 	 {R. Montague},
  title = 	 {Universal Grammar},
  booktitle = 	 {Formal Philosophy; 
                  Selected Papers of {R}ichard {M}ontague},
  OPTcrossref =  {},
  OPTkey = 	 {},
  pages = 	 {222--246},
  publisher = {Yale University Press},
  year = 	 {1974},
  editor = 	 {R.H. Thomason},
  OPTvolume = 	 {},
  OPTnumber = 	 {},
  OPTseries = 	 {},
  OPTtype = 	 {},
  OPTchapter = 	 {},
  address = 	 {New Haven and London},
  OPTedition = 	 {},
  OPTmonth = 	 {},
  OPTnote = 	 {},
  OPTannote = 	 {}
}

@incollection{Montague:tptoqi,
	author = {R. Montague},
	title = {The Proper Treatment of Quantification in Ordinary {E}nglish},
	booktitle = {Approaches to Natural Language},
	year = {1973},
	publisher = {Reidel},
	editor = {J. Hintikka e.a.},
	pages = {221--242},
	place = {Dordrecht}
}

@InProceedings{MonRij:atcfaq,
  author = 	 {Monz, C. and M. de Rijke},
  title = 	 {A Tableaux Calculus for Ambiguous Quantification},
  booktitle = 	 {Automated Reasoning with Analytic Tableaux 
                  and Related Methods},
  OPTcrossref =  {},
  OPTkey = 	 {},
  pages = 	 {232--246},
  year = 	 {1998},
  editor = 	 {H. de Swart},
  OPTvolume = 	 {},
  OPTnumber = 	 {},
  OPTseries = 	 {},
  OPTaddress = 	 {},
  OPTmonth = 	 {},
  OPTorganization = {},
  publisher = {Springer},
  OPTnote = 	 {},
  OPTannote = 	 {}
}

@book{Moore:e,
	title = {Ethics},
	publisher = {Oxford University Press},
	year = {1958},
	author = {G.E. Moore},
	address = {Oxford}
}

@phdthesis{Moore:rakaa,
	author = { R. Moore},
	title = {Reasoning About Knowledge and Action},
	school = {MIT},
	year = {1979}
}

@inproceedings{Moore:usi,
        author = {R. C. Moore},
        title = {Unification-Based Semantic Interpretation},
        booktitle = {Proceedings 27th Annual Meeting of 
               the Association for Computational Linguistics},
        year = {1989},
        pages = {33--41}
}

@inproceedings{Moore:pwsfal,
        author = {R.C. Moore},
        title = {Possible world semantics for autoepistemic logic}, 
        booktitle = {Proceedings {AAAI} Workshop on Non-Monotonic 
                     Reasoning}, 
        address = {New Paltz, NY}, 
        year = {1984},
        pages = {344--354}
}



@Article{MootPuite02:pnfmml,
  author = 	 {R. Moot and Q. Puite},
  title = 	 {Proof Nets for the Multimodal {L}ambek Calculus},
  journal = 	 {Studia Logica},
  year = 	 2002,
  volume =	 71,
  number =	 3,
  pages =	 {415--442}
}

@phdthesis{Morreau:cpai,
      author = {M. Morreau},
      title = {Conditionals in Philosophy and Artificial Intelligence},
      year = {1992},
      school = {University of Amsterdam}
}

@book{Morrill:tlg,
        author = {G. Morrill},
        title = {Typed Logical Grammar / Categorial Logic of Signs},
        publisher = {Kluwer},
        year = {1994}
}

@incollection{MosJoh:eaammo,
	author = {L.S. Moss and D.E. Johnsson}, 
	title = {Evolving Algebras and Mathematical Models of 
        Language}, 
	editor = {L. P\'olos and M. Masuch}, 
        booktitle = {Applied Logic: How, What and Why}, 
        pages = {161--194}, 
        publisher = {Kluwer}, 
	year = {1995}
}

@InCollection{Moss:fhtkm,
  author = 	 {L.S. Moss},
  title = 	 {From Hypersets to Kripke Models in Logics of Announcements},
  booktitle = 	 {{JFAK} --- Essays dedicated to Johan van Benthem 
                   on the Occasion of his 50th Birthday},
  OPTcrossref =  {},
  OPTkey = 	 {},
  OPTpages = 	 {},
  publisher = {ILLC},
  year = 	 {1999},
  editor = 	 {J. Gerbrandy and M. Marx and M. de Rijke and Y. Venema},
  OPTvolume = 	 {},
  OPTnumber = 	 {},
  OPTseries = 	 {},
  OPTtype = 	 {},
  OPTchapter = 	 {},
  address = 	 {Amsterdam},
  OPTedition = 	 {},
  OPTmonth = 	 {},
  OPTnote = 	 {},
  OPTannote = 	 {}
}

@article{Mostowski:oagoq,
	author = {A. Mostowski},
	title = {On a Generalization of Quantifiers},
	journal = { Fundamenta Mathematica},
	year = {1957},
	volume = {44},
	pages = {12--36}
}

@unpublished{MusPiw:eiacd,
      author = {R.A. Muskens and P. Piwek},
      title = {Events in a Compositional {DRT}},
      year = {1994},
      note = {Unpublished Manuscript, IPO Eindhoven}
}

@incollection{MusBenVis:d,
	author = {R. Muskens and Benthem, J. van and A. Visser}, 
	title = {Dynamics}, 
	year = {1997},
	booktitle = {Handbook of Logic and Language},
	editor = {Benthem, J. van and A. ter Meulen},
	publisher = {Elsevier, Amsterdam}, 
	pages = {587--648}
}


 
@Unpublished{Muskens02:llal,
  author = 	 {R. Muskens},
  title = 	 {Language, Lambdas and Logic},
  note = 	 {Manuscript, Tilburg University},
  OPTkey = 	 {},
  OPTmonth = 	 {},
  year = 	 {2002},
  OPTannote = 	 {}
}

@article{Muskens:arfott,
        author = {R. Muskens},
        title = {A Relational Formulation of the Theory of Types},
        journal = {Linguistics and Philosophy},
        volume = {12},
        pages = {325--346},
        year = {1989}
}

@incollection{Muskens:aatloc,
	author = {R. Muskens},
	title = {Anaphora and the Logic of Change},
	booktitle = {Logics in AI / European Workshop JELIA '90 / Amsterdam, The Netherlands, September 1990 / Proceedings},
	year = {1991},
	publisher = {Springer Verlag},
	editor = {Eijck, J. van},
	pages = {412--427},
	series = {Lecture Notes in Artificial Intelligence 478},
	place = {Berlin}
}

@incollection{Muskens:acdrt,
	author = {R. Muskens},
	title = {A Compositional Discourse Representation Theory},
        booktitle = {Proceedings 9th Amsterdam Colloquium}, 
        editor = {P. Dekker and M. Stokhof}, 
        pages = {467--486},
        publisher = {ILLC, Amsterdam}, 
	year = {1994}
}

@article{Muskens:cmsadr,
       author = {R. Muskens}, 
       title = {Combining {M}ontague {S}emantics and {D}iscourse
		  {R}epresentation}, 
       journal = {Linguistics and Philosophy}, 
       year = {1996}, 
       volume = {19},
       pages = {143--186}
}

@phdthesis{Muskens:map,
	author = {R. Muskens},
	title = {Meaning and Partiality},
	school = {University of Amsterdam},
	year = {1989}
}

@incollection{Muskens:tatloc,
	author = {R. Muskens},
	title = {Tense and the Logic of Change},
        booktitle = {Lexical Knowledge in the Organization of Language},
        editor = {U. Egli et al.},
        publisher = {W. Benjamins}, 
	year = {1995}, 
        pages = {147-183}
}

@unpublished{Muskens:oau, 
     author = {R. Muskens}, 
     title = {Order-independence and Underspecification}, 
     note = {Manuscript, University of Tilburg}, 
     year = {1995}
}



@InProceedings{Mylne:afsfc,
  author = 	 {T. Mylne},
  title = 	 {A Feature-based System for Classifying Semantic Roles},
  booktitle = 	 {Proceedings of the 1999 Conference of the 
                  {A}ustralian Linguistic Society},
  OPTcrossref =  {},
  OPTkey = 	 {},
  OPTpages = 	 {},
  year = 	 {1999},
  OPTeditor = 	 {},
  OPTvolume = 	 {},
  OPTnumber = 	 {},
  OPTseries = 	 {},
  OPTaddress = 	 {},
  OPTmonth = 	 {},
  OPTorganization = {},
  OPTpublisher = {},
  OPTnote = 	 {},
  OPTannote = 	 {}
}

%N 

@article{Nakhimovsky:aacatt,
	author = {Nakhimovsky, A.},
	title = {Aspect, Aspectual Class, and the Temporal Structure of Narrative },
	journal = {Computational Linguistics},
	year = {1988},
	volume = {14},
	number = {2},
	pages = {29-43}
}

@book{Neale:d,
	title = {Descriptions},
	publisher = {Bradford Books, MIT Press},
	year = {1990},
	author = {S. Neale},
	place = {Cambridge, Mass.}
}

@InCollection{Nebel:sbatbr,
  author = 	 "Nebel, B.",
  title = 	 "Syntax based approaches to belief revision",
  booktitle =	 "Belief Revision",
  publisher =	 "Cambridge University Press",
  year =	 1992,
  OPTeditor = 	 " G{\"a}rdenfors, P.",
  volume =	 29,
  series =	 "Cambridge Tracts in Theoretical Computer Science",
  pages =	 "52--88"
}

@Book{NedCS:spoa,
  ALTauthor = 	 {},
  editor = 	 {R.P. Nederpelt and J.H. Geuvers and R.C. de Vrijer},
  title = 	 {Selected papers on {A}utomath},
  publisher = 	 {North Holland},
  year = 	 {1994},
  OPTkey = 	 {},
  OPTvolume = 	 {},
  OPTnumber = 	 {},
  OPTseries = 	 {},
  OPTaddress = 	 {},
  OPTedition = 	 {},
  OPTmonth = 	 {},
  OPTnote = 	 {},
  OPTannote = 	 {}
}



@Book{NedKam04:lrafc,
  author =	 {R. Nederpelt and F. Kamareddine},
  title = 	 {Logical Reasoning: A First Course},
  publisher = 	 {King's College Publications},
  year = 	 2004,
  volume =	 3,
  series =	 {Texts in Computing},
  address =	 {London}
}

@book{Neijt:g,
	title = {Gapping},
	publisher = {Foris, Dordrecht},
	year = {1979},
	author = {Neijt, A.}
}

@article{Nelson:cf,
      author = {D. Nelson},
      title = {Constructible falsity},
      journal = {Journal of Symbolic Logic},
      year = {1949},
      volume = {14},
      pages = {16--26}
}

@incollection{Nelson:nsccs,
      author = {D. Nelson},
      title  = {Negation and seperation of concepts in constructive 
                systems},  
      booktitle = {Constructivity in Mathematics},
      editor = {A. Heyting},
      publisher = {North Holland},
      year = {1959},
      pages = {208-225},
      address = {Amsterdam},
      series = {Studies in Logic and The Foundations of Mathematics}
}

@inproceedings{Nerbonne:cs,
        author = {J. Nerbonne},
        title = {Constraint-Based Semantics},
        booktitle = {Proceedings 8th Amsterdam Colloquium},
        year = {1991},
        pages = {425--443}
}
		  
		  
@Book{NieNie:swa,
  author = 	 "H.R. Nielson and F. Nielson",
  title = 	 "Semantics with Applications",
  publisher = 	 "John Wiley and Sons",
  year = 	 "1992",
  OPTcrossref =  "",
  OPTkey = 	 "",
  OPTeditor = 	 "",
  OPTvolume = 	 "",
  OPTnumber = 	 "",
  OPTseries = 	 "",
  OPTaddress = 	 "",
  OPTedition = 	 "",
  OPTmonth = 	 "",
  OPTnote = 	 "",
  OPTannote = 	 ""
}

@book{Nilsson:poai, 
        title = {Principles of Artificial Intelligence}, 
        author = {N.J. Nilsson}, 
        publisher = {Springer, Berlin}, 
        year = {1982}
}

@TechReport{Nivelle:mottc,
  author = 	 {Nivelle, J.M.G.G. de},
  title = 	 {Manual of the {TYPO} Type Checker},
  institution =  {CWI},
  year = 	 {1998},
  OPTkey = 	 {},
  OPTtype = 	 {},
  number = 	 {INS-R9804},
  OPTaddress = 	 {},
  OPTmonth = 	 {},
  OPTnote = 	 {},
  OPTannote = 	 {}
}

%O 

@Article{Oehrle95:s3sold,
  author = 	 {R. Oehrle},
  title = 	 {Some 3-dimensional systems of labelled deduction},
  journal = 	 {Bulletin of the {IGPL}},
  year = 	 {1995},
  OPTkey = 	 {},
  volume = 	 {3},
  OPTnumber = 	 {},
  pages = 	 {426--448},
  OPTmonth = 	 {},
  OPTnote = 	 {},
  OPTannote = 	 {}
}

@Article{Oehrle94:tcts,
  author = 	 {Oehrle, R.},
  title = 	 {Term-labeled Categorial Type Systems},
  journal = 	 {Linguistics and Philosophy},
  year = 	 {1994},
  OPTkey = 	 {},
  volume = 	 {17},
  OPTnumber = 	 {},
  pages = 	 {633--678},
  OPTmonth = 	 {},
  OPTnote = 	 {},
  OPTannote = 	 {}
}

@InProceedings{Ohlbach88:arcfml,
  author = 	 {H.J. Ohlbach},
  title = 	 {A Resolution Calculus for Modal Logics},
  booktitle = 	 {CADE'88},
  OPTcrossref =  {},
  OPTkey = 	 {},
  pages = 	 {500--516},
  year = 	 {1988},
  OPTeditor = 	 {},
  OPTvolume = 	 {},
  OPTnumber = 	 {},
  OPTseries = 	 {},
  OPTaddress = 	 {},
  OPTmonth = 	 {},
  OPTorganization = {},
  OPTpublisher = {},
  OPTnote = 	 {},
  OPTannote = 	 {}
}

@Book{OostCS:dovdi,
  ALTauthor = 	 {},
  editor = 	 {Oost, E. van and G. Alberts 
                  and J. van den Ende and H.W. Lintsen},
  title = 	 {De opkomst van de informatietechnologie in {N}ederland},
  publisher = 	 {Stichting Historie der Techniek},
  year = 	 {1998},
  OPTkey = 	 {},
  OPTvolume = 	 {},
  OPTnumber = 	 {},
  OPTseries = 	 {},
  OPTaddress = 	 {},
  OPTedition = 	 {},
  OPTmonth = 	 {},
  OPTnote = 	 {},
  OPTannote = 	 {}
}

@InCollection{Oost:cidjv,
  author = 	 {Oost, E. van},
  title = 	 {Computers in de jaren vijftig: pionieren en debatteren},
  booktitle = 	 {De opkomst van de informatietechnologie in {N}ederland},
  OPTcrossref =  {},
  OPTkey = 	 {},
  pages = 	 {136--159},
  publisher = {Stichting Historie der Techniek},
  year = 	 {1998},
  OPTeditor = 	 {},
  OPTvolume = 	 {},
  OPTnumber = 	 {},
  OPTseries = 	 {},
  OPTtype = 	 {},
  OPTchapter = 	 {},
  OPTaddress = 	 {},
  OPTedition = 	 {},
  OPTmonth = 	 {},
  OPTnote = 	 {},
  OPTannote = 	 {}
}



@Book{Ore:ntaih,
  author = 	 {O. Ore},
  ALTeditor = 	 {},
  title = 	 {Number Theory and its History},
  publisher = 	 {Dover},
  year = 	 {1988},
  OPTkey = 	 {},
  OPTvolume = 	 {},
  OPTnumber = 	 {},
  OPTseries = 	 {},
  OPTaddress = 	 {},
  OPTedition = 	 {},
  OPTmonth = 	 {},
  OPTnote = 	 {},
  OPTannote = 	 {}
}

@Article{Orey59:mtfthopc,
  author = 	 {S. Orey},
  title = 	 {Model Theory for the Higher Order Predicate Calculus},
  journal = 	 {Transactions of the American Mathematical Society},
  year = 	 {1959},
  OPTkey = 	 {},
  volume = 	 {92},
  OPTnumber = 	 {},
  pages = 	 {72--84},
  OPTmonth = 	 {},
  OPTnote = 	 {},
  OPTannote = 	 {}
}

@Unpublished{Oz,
  author = 	 {NN},
  title = 	 {The {O}z Programming System},
  note = 	 {\verb+http://www.ps.uni-sb.de/oz/+},
  OPTkey = 	 {},
  OPTmonth = 	 {},
  OPTyear = 	 {},
  OPTannote = 	 {}
}

%P 

@article{PaiTar87:tpra,
 author = {Robert Paige and Robert E. Tarjan},
 title = {Three partition refinement algorithms},
 journal = {SIAM J. Comput.},
 volume = {16},
 number = {6},
 year = {1987},
 issn = {0097-5397},
 pages = {973--989},
 publisher = {Society for Industrial and Applied Mathematics},
 }

@Book{Papadimitriou94:cc,
  author =	 {C.H. Papadimitriou},
  title = 	 {Computational Complexity},
  publisher = 	 {Addison-Wesley},
  year = 	 1994
}

@inproceedings{Park:caaois, 
  author = "D. Park", 
  title = "Concurrency and Automata on Infinite Sequences", 
  booktitle = "Proc. 5th {GI} Conference", 
  editor = "P. Deussen", 
  year = {1981},
  publisher = "Springer-Verlag"
}

@InCollection{Parikh:tcopdl,
  author = 	 {R. Parikh},
  title = 	 {The Completeness of Propositional Dynamic Logic},
  booktitle = 	 {Mathematical Foundations of Computer Science 1978},
  pages = 	 {403--415},
  publisher = {Springer},
  year = 	 1978
}

@Book{Parson:eitsoe,                        
  author = 	"Parsons, T.",
  title = 	"Events in the Semantics of English",
  publisher = 	"The MIT Press",
  year = 	"1990",
  address = 	"Cambridge, MA",
  topics = 	"natural language semantics tense aspect event-based
		 representation temporal adverbials davidsonian approach",
  where = 	"HAVE",
  note = 	""
}

@Book{Parsons:eitsoe,
  author = 	"Parsons, T.",
  title = 	"Events in the Semantics of English",
  publisher = 	"The MIT Press",
  year = 	"1990",
  address = 	"Cambridge, MA",
  topics = 	"natural language semantics tense aspect event-based
		 representation temporal adverbials davidsonian approach",
  where = 	"HAVE",
  note = 	""
}


@article{Partee:mq,
	author = {Partee, B.},
	title = {Many Quantifiers},
	journal = {Proceedings of ESCOL},
	year = {1988}
}

@article{Partee:nata,
	author = {B.H. Partee},
	title = {Nominal and Temporal Anaphora},
	journal = {Linguistics and Philosophy},
	year = {1984},
	volume = {7}
}

@InCollection{Partee:ocap,                     
	author	= "Partee, B. H.",
	fullname = "Partee, Barbara Hall",
	title	= "Opacity, Coreference, and Pronouns",
	editor	= "Davidson, D. and Harman, G.",
	booktitle = "Semantics for Natural Language",
	publisher = "D. Reidel",
	address = "Dordrecht, Holland",
	year	= 1972,
	pages	= "415--441",
        where =	"HAVE",
        topics  = "anaphora, pronouns"
	}

@incollection{Partee:smop,
        author = {B.H. Partee},
        title = {Semantics --- Mathematics or Psychology?},
        booktitle = {Semantics from Different Points of View},

        editor = {R.~B\"auerle and A.~von Stechow},
        year = {1979},
        pages = {1--14},
        publisher = {Springer Verlag},
        address = {Berlin}
}

@article{Partee:ssabta,
	author = {Partee, B.},
	title = {Some Structural Analogies between Tenses and Pronouns in English},
	journal = {Journal of Philosophy},
	year = {1973},
	volume = {70},
	pages = {601-9}
}

@incollection{ParRoo:gcata,
	author	= "Partee, B. H. and Rooth, M.",
	fullname = "Partee, Barbara and Rooth, Mats",
	title 	= "Generalized Conjunction and Type Ambiguity",
   	booktitle = "Meaning, Use and Interpretation of Language",
        editor =  "B{a}uerle, R. and Schwarze, C. and von Stechow, A.",
	publisher  = "Walter de Gruyter",
	address = "Berlin, West Germany",
	year 	= 1983
	}


@article{Passonneau:acmots,
	author = {Passonneau, R.J.},
	title = {A Computational Model of the Semantics of Tense and Aspect },
	journal = {Computational Linguistics},
	year = {1988},
	volume = {14},
	number = {2},
	pages = {44-60}
}


@Article{PatWeg:lu,
  author = 	 {M.S. Paterson and M.N. Wegman},
  title = 	 {Linear Unification},
  journal = 	 {Journal of Computer and Systems Sciences},
  year = 	 {1978},
  OPTkey = 	 {},
  volume = 	 {16},
  OPTnumber = 	 {},
  pages = 	 {158--167},
  OPTmonth = 	 {},
  OPTnote = 	 {},
  OPTannote = 	 {}
}

@incollection{PeaRau:plbdd,
      author = {D. Pearce and W. Rautenberg},
      title = {Propositional Logic Based on the Dynamics of
               Disbelief},
      booktitle = {The Logic of Theory Change},
      editor = {A. Fuhrmann and M. Morreau},
      year = {1991},
      publisher = {Springer Verlag},
      address = {Heidelberg},
      pages = {243--258},
      series = {Lecture Notes in  Artificial Intelligence 465}
}



@InProceedings{Pentus:lgacf,
  author = 	 {M. Pentus},
  title = 	 {Lambek Grammars are context free},
  booktitle = 	 {Proceedings of the 8th Annual {IEEE} Symposium 
                  on Logic in Computer Science},
  pages =	 {429--433},
  year =	 1993,
  address =	 {Los Amalitos, California}
}

@book{Percy:litc, 
   author = {W. Percy}, 
   title = {Lost in the Cosmos; the Last Self-Help Book}, 
   publisher = {Simon and Schuster}, 
   year = {1983}
}

@article{Pereira:csas,
        author = {F. C. N. Pereira},
        title = {Categorial Semantics and Scoping},
        journal = {Computational Linguistics},
        volume = {16},
        pages = {1--10},
        year = {1990}
}

@article{PerPol:ii,
        author = {F. C. N. Pereira and M. Pollack},
        title = {Incremental Interpretation},
        journal = {Artificial Intelligence},
        volume = {1},
        pages = {37--82},
        year = {1991}
}

@book{PerShi:panla,
	title = {Prolog and Natural Language Analysis},
	publisher = {CSLI, Stanford},
	year = {1987},
	author = {F.C.N. Pereira and S.M. Shieber},
	volume = {10},
	series = {CSLI Lecture Notes},
	note = {Distributed by University of Chicago Press}
}

@incollection{PerShi:tsogfs,
        author = {Pereira, F.C.N. and Shieber, S.M.},
	title = {The Semantics of Grammar Formalisms Seen as Computer Languages}, 
        booktitle = {COLING Proceedings},  
        publisher = {Stanford},
	year = {1984}
}

@incollection{PerWar:pad, 
  author = {F.C.N. Pereira and H.D. Warren}, 
  title = {Parsing as Deduction}, 
  booktitle = {Proceedings of the 21st Annual Meeting of the {ACL}}, 
  publisher = {MIT}, 
  address = {Cambridge, Mass.}, 
  pages = {137--111}, 
  year = {1983}
}

@article{Peters:atfoka,
	author = {S. Peters},
	title = {A truth-conditional formulation of {K}arttunen's account of presupposition},
	journal = {Texas Linguistic Forum},
	year = {1977},
	pages = {137--149}
}


@Book{PetHam:rotplh,
  ALTauthor = 	 {},
  editor = 	 {Peterson, J. and Hammond, K.},
  title = 	 {Report on the Programming Language Haskell: A Non-strict, 
                  Purely Functional Language},
  publisher = 	 {available from \cite{Haskell:www}},
  year = 	 {1997},
  OPTkey = 	 {},
  OPTvolume = 	 {},
  OPTnumber = 	 {},
  OPTseries = 	 {},
  OPTaddress = 	 {},
  OPTedition = 	 {},
  OPTmonth = 	 {},
  OPTnote = 	 {},
  OPTannote = 	 {}
}

@Book{Pinkal:lal,
  author = 	 "M. Pinkal",
  title = 	 "Logic and Lexicon",
  publisher = 	 "Kluwer",
  year = 	 "1995",
  OPTcrossref =  "",
  OPTkey = 	 "",
  OPTeditor = 	 "",
  OPTvolume = 	 "",
  OPTnumber = 	 "",
  OPTseries = 	 "",
  OPTaddress = 	 "",
  OPTedition = 	 "",
  OPTmonth = 	 "",
  OPTnote = 	 "",
  OPTannote = 	 ""
}

@Unpublished{Pinkal:ru,
  author = 	 "M. Pinkal",
  title = 	 "Radical Underspecification",
  note = 	 "Manuscript, University of Saarbruecken",
  OPTcrossref =  "",
  OPTkey = 	 "",
  year = 	 "1996",
  OPTmonth = 	 "January",
  OPTannote = 	 ""
}

@article{Pinkal:dsvs,
	author = {Pinkal, M.},
	title = {Die Semantik von Satzkomparativen},
	journal = {Zeitschrift f\S ur Sprachwissenschaft},
	year = {1989},
	volume = {8},
	number = {2},
	pages = {206-256}
}

@InProceedings{Plaza89:lopc,
  author = 	 {J. A. Plaza},
  title = 	 {Logics of public communications},
  booktitle = 	 {Proceedings of the 4th
   International Symposium on Methodologies for Intelligent Systems},
  pages =	 {201­-216},
  year =	 1989,
  editor =	 {M. L. Emrich and M. S. Pfeifer and M. Hadzikadic 
                  and Z. W. Ras}
}

@Article{Plotkin:biet,
  author = 	 {G. Plotkin},
  title = 	 {Building in Equational Theories},
  journal = 	 {Machine Intelligence},
  year = 	 {1972},
  OPTkey = 	 {},
  volume = 	 {7},
  OPTnumber = 	 {},
  pages = 	 {73--90},
  OPTmonth = 	 {},
  OPTnote = 	 {},
  OPTannote = 	 {}
}

@Unpublished{Plotkin:atorfs,                          
  author = 	"Plotkin, G.",
  title = 	"A Theory of Relations for Situation Theory",
  note = 	"Manuscript.",
  month = 	"",
  year = 	"1987"
}
		  
		  

@Book{Plotkin:sos,
  author = 	 "G. Plotkin",
  title = 	 "Structural Operational Semantics",
  publisher = 	 "Aarhus University",
  year = 	 "1981",
  OPTcrossref =  "",
  OPTkey = 	 "",
  OPTeditor = 	 "",
  OPTvolume = 	 "",
  OPTnumber = 	 "",
  OPTseries = 	 "",
  address = 	 "Denmark",
  OPTedition = 	 "",
  OPTmonth = 	 "",
  note = 	 "Lecture notes",
  OPTannote = 	 ""
}



@Article{Pnueli81:atlop,
  author = 	 {A. Pnueli},
  title = 	 {A temporal logic of programs},
  journal = 	 {Theoretical Computer Science},
  year = 	 1981,
  volume =	 13,
  pages =	 {45--60}
}

@PhdThesis{Poesio:diatso,
  author = 	 "Poesio, M.",
  title = 	 "Discourse Interpretation and the Scope of Operators",
  school = 	 "University of Rochester, Department of Computer Science",
  year = 	 1994
}

@unpublished{Poesio:saapa,
        author = {M. Poesio},
        title = {Semantic Ambiguity and Perceived Ambiguity},
        month = {June},
        year = {1994},
        note = {Unpublished manuscript}
}

@book{PolSag:hdpsg,
	title = {Head-Driven Phrase Structure Grammar},
	publisher = {CSLI, Stanford},
	year = {1994},
	author = {Pollard, C. and Sag, I.},
	series = {CSLI Lecture Notes},
	note = {Distributed by University of Chicago Press}
}



@Book{PolVeeTeu:tvt,
  author =	 {Pol, Martin and Erik van Veendendaal and Ruud Teunissen},
  title = 	 {Testen volgens {TM}ap},
  publisher = 	 {Tutein Nolthenius},
  year = 	 2000
}

@Book{Polya:htsi,
  author = 	 {G. Polya},
  title = 	 {How to Solve It. A New Aspect of Mathematical Method},
  publisher = 	 {Princeton University Press},
  year = 	 {1957},
  address = 	 {Princeton},
  OPTedition = 	 {},
  OPTmonth = 	 {},
  OPTnote = 	 {},
  annote = 	 {First edition: 1945}
}

@Book{PonRijVen:mlapa,
  title = 	 "Modal Logic and Process Algebra",
  publisher = 	 "CSLI",
  year = 	 "1996",
  OPTcrossref =  "",
  OPTkey = 	 "",
  editor = 	 "A. Ponse and M. de Rijke and Y. Venema",
  OPTvolume = 	 "",
  number = 	 "53",
  series = 	 "CSLI Lecture Notes",
  address = 	 "Stanford",
  OPTedition = 	 "",
  OPTmonth = 	 "",
  OPTnote = 	 "",
  OPTannote = 	 ""
}



@Book{Popkorn:fsiml,
  author = 	 {S. Popkorn},
  ALTeditor = 	 {},
  title = 	 {First Steps in Modal Logic},
  publisher = 	 {Cambridge University Press},
  year = 	 {1994},
  OPTkey = 	 {},
  OPTvolume = 	 {},
  OPTnumber = 	 {},
  OPTseries = 	 {},
  OPTaddress = 	 {},
  OPTedition = 	 {},
  OPTmonth = 	 {},
  OPTnote = 	 {},
  OPTannote = 	 {}
}

@book{Potter:sai, 
   title = {Sets, an introduction}, 
   author = {M.D.\ Potter}, 
   publisher = {Oxford University Press}, 
   address = {Oxford}, 
   year = {1990}
}


@article{Pratt:scofhl,
       author = {V.~Pratt},
       title = {Semantical Considerations on {F}loyd--{H}oare Logic},
       journal ={Proceedings 17th IEEE Symposium on Foundations of Computer Science}, 
       pages = {109--121},
       year ={1976}
} 



@InProceedings{Pratt78:apdm,
  author = 	 {V.~Pratt},
  title = 	 {A Practical Decision Method for Propositional Dynamic
                  Logic},
  booktitle = 	 {Proceedings 10th Symposium Theory of Computation},
  pages =	 {326--337},
  year =	 1978,
  organization = {ACM}
}

@article{Pratt:amlp,
      author = {V. Pratt},
      title = {Application of modal logic to programming},
      journal = {Studia Logica},
      year = {1980},
      pages = {257--274},
      volume = {39}
}

@book{Prawitz:nd, 
        author = {D. Prawitz}, 
        title = {Natural Deduction: A Proof-theoretical Study}, 
        publisher = {Almquist and Wiksell, Stockholm},  
        year = {1965}
}

@InCollection{Prawitz:aipp,
  author = 	 {D. Prawitz},
  title = 	 {An improved proof procedure},
  booktitle = 	 {Automation of Reasoning. Classical Papers in 
                  Computational Logic},
  OPTcrossref =  {},
  OPTkey = 	 {},
  pages = 	 {162--201},
  publisher =    {Springer},
  year = 	 {1983},
  editor = 	 {J. Siekmann and G. Wrightson},
  OPTvolume = 	 {},
  OPTnumber = 	 {},
  OPTseries = 	 {},
  OPTtype = 	 {},
  OPTchapter = 	 {},
  OPTaddress = 	 {},
  OPTedition = 	 {},
  OPTmonth = 	 {},
  note = 	 {Originally appeared in Theoria in 1960.},
  OPTannote = 	 {}
}



@Book{Prior:tam,
  author =	 {A.N. Prior},
  title = 	 {Time and Modality},
  publisher = 	 {Oxford University Press},
  year = 	 1957
}

@book{Prior:ppaf,
	title = {Past, Present and Future},
	publisher = {Clarendon Press},
	year = {1967},
	author = {Prior, A.},
	address = {Oxford}
}

@phdthesis{Prust:odsvaa, 
        author = {H. Pr\"ust}, 
        title = {On Discourse Structuring, VP Anaphora and Gapping}, 
	school = {University of Amsterdam},
	year = {1991}
}

@PhdThesis{Priss:rcassi,
  author = 	 {U. Priss},
  title = 	 {Relational Concept Analysis: Semantic Structures in 
                  Dictionaries and Lexical Databases},
  school = 	 {TH Darmstadt},
  year = 	 {1996},
  OPTkey = 	 {},
  OPTtype = 	 {},
  OPTaddress = 	 {},
  OPTmonth = 	 {},
  OPTnote = 	 {},
  OPTannote = 	 {}
}

@techreport{PruSchBer:afgtva, 
        author = {H. Pr\"ust and R. Scha and M. van den Berg}, 
        title = {A Formal Grammar Tackling Verp-phrase Anaphora}, 
        institution = {ILLC, Amsterdam}, 
        number = {CL-91-03}, 
        year = {1991}
}

@article{PruSchBer:dgavpa,
        author = {H. Pr\"{u}st and R. Scha and M. van den Berg},
        title = {Discourse Grammar and Verb Phrase Anaphora},
        journal = {Linguistics and Philosophy},
        year = {1994},
        volume = {17},
        pages = {261--327}
}

@article{Purdy:alfnl,
	author = {W.C. Purdy},
	title = {A Logic for Natural Language}, 
        journal = NDJ, 
	year = {1991}, 
        volume = {32}, 
        pages = {409--425}
}

@unpublished{Purdy:avlfa,
	author = {W.C. Purdy},
	title = {A Variable-Free Logic for Anaphora},
	note = {Manuscript, Syracuse University},
	year = {1992}
}

%Q

@incollection{Quine:vea, 
   author = {W.V.O. Quine}, 
   title = {Variables Explained Away}, 
   booktitle = {Selected Logic Papers}, 
   year = {??}, 
   publisher = {??}
}

@Book{Quine:twopao,
  author = 	 "W.V.O. Quine",
  title = 	 "The Ways of Paradox and Other Essays",
  publisher = 	 "Harvard University Press",
  year = 	 "1976",
  OPTcrossref =  "",
  OPTkey = 	 "",
  OPTeditor = 	 "",
  OPTvolume = 	 "",
  OPTnumber = 	 "",
  OPTseries = 	 "",
  OPTaddress = 	 "",
  OPTedition = 	 "",
  OPTmonth = 	 "",
  OPTnote = 	 "",
  OPTannote = 	 ""
}

@Book{Quine:mol,
  author = 	 "W.V.O. Quine",
  title = 	 "Methods of Logic",
  publisher = 	 "Harvard University Press",
  year = 	 "Fourth Edition 1982",
  OPTcrossref =  "",
  OPTkey = 	 "",
  OPTeditor = 	 "",
  OPTvolume = 	 "",
  OPTnumber = 	 "",
  OPTseries = 	 "",
  OPTaddress = 	 "",
  OPTedition = 	 "",
  OPTmonth = 	 "",
  OPTnote = 	 "",
  OPTannote = 	 ""
}

@book{QuiGreLee:acgote,
	title = {A Comprehensive Grammar of the English Language},
	publisher = {Longman},
	year = {1985},
	author = {Quirk, R. and Greenbaum, S. and Leech, G. and Svartvick, J. }
}
		  
%R

@PhdThesis{Raamsdonk:canfhr,
  author = 	 "Raamsdonk, F. van",
  title = 	 "Confluence and Normalisation for Higher-Order Rewriting",
  school = 	 "Free University, Amsterdam",
  year = 	 "1996",
  OPTcrossref =  "",
  OPTkey = 	 "",
  OPTaddress = 	 "",
  OPTmonth = 	 "",
  OPTtype = 	 "",
  OPTnote = 	 "",
  OPTannote = 	 ""
}

@Book{RabLap:aafpa,
  author = 	 {F. Rabhi and G. Lapalme},
  ALTeditor = 	 {},
  title = 	 {Algorithms: a Functional Programming Approach},
  publisher = 	 {Addison-Wesley},
  year = 	 {1999},
  OPTkey = 	 {},
  OPTvolume = 	 {},
  OPTnumber = 	 {},
  OPTseries = 	 {},
  OPTaddress = 	 {},
  OPTedition = 	 {},
  OPTmonth = 	 {},
  OPTnote = 	 {},
  OPTannote = 	 {}
}

@book{Ramsay:fmiai,
	title = {Formal Methods in Artificial Intelligence},
	publisher = {Cambridge University Press},
	year = {1988},
	author = {Ramsay, A.}
}


@article{Ranta:icg,
	author =	"Ranta, Aarne",
	year =		1991,
	title =		"Intuitionistic Categorial Grammar",
	journal =	"Linguistics and Philosophy",
	volume =	14,
	pages =		"203--239"
}

@book{Ranta:tg,
	title = {Type-theoretical Grammar},
	publisher = {Oxford University Press},
	year = {1994},
	author = {A. Ranta}
} 

@article{Rantala:iwsalo,
	author = {V. Rantala},
	title = {Impossible World Semantics and Logical Omniscience},
	journal = {Acta Philosophica Fennica},
	year = {1982},
	volume = {35},
	pages = {106--115}
}

@book{Reichenbach:eosl,
	title = {Elements of Symbolic Logic},
	publisher = {Macmillan},
	year = {1947},
	author = {Reichenbach, H.},
	address = {London}
}

@InProceedings{Reif:tkatsv,
  author = 	 {W. Reif},
  title = 	 {The {KIV}-approach to Software Verification},
  booktitle = 	 {{KORSO}: Methods, Languages, and Tools 
                  for the Construction of Correct Software},
  OPTcrossref =  {},
  OPTkey = 	 {},
  pages = 	 {339--368},
  year = 	 {1995},
  editor = 	 {M. Broy and S. J\"{a}hnichen},
  OPTvolume = 	 {},
  OPTnumber = 	 {},
  series = 	 {Springer LNCS 1009},
  OPTaddress = 	 {},
  OPTmonth = 	 {},
  OPTorganization = {},
  OPTpublisher = {},
  OPTnote = 	 {},
  OPTannote = 	 {}
}

@unpublished{Reinhard:dad,
	author = {Reinhard},
	title = {Deduktionen auf Diskursrepr\"{a}sentationsstrukturen},
	note = {Studienarbeit, IMS Stuttgart, Germany},
	year = {1989}
}


@book{Reinhart:aasi,
	title = {Anaphora and Semantic Interpretation},
	publisher = {Croom Helm, London},
	year = {1983},
	author = {T. Reinhart}
}



@TechReport{Reinhart:tts00,
  author = 	 {Reinhart, T.},
  title = 	 {The theta system:
                  syntactic realization of verbal concepts},
  institution =  {{OTS} Working Papers},
  year = 	 {2000},
  OPTkey = 	 {},
  OPTtype = 	 {},
  OPTnumber = 	 {},
  OPTaddress = 	 {},
  OPTmonth = 	 {},
  OPTnote = 	 {},
  OPTannote = 	 {}
}

@Unpublished{Reinhart:asotts01,
  author = 	 {Reinhart, T},
  title = 	 {A Synopsis of "The {T}heta system"},
  note = 	 {Manuscript},
  OPTkey = 	 {},
  OPTmonth = 	 {},
  year = 	 {2001},
  OPTannote = 	 {}
}

@Unpublished{Reinhart:ttsao02, 
  author = 	 {Reinhart, T.},
  title = 	 {The theta system --- an overview},
  note = 	 {To appear in {T}heoretical {L}inguistics},
  OPTkey = 	 {},
  OPTmonth = 	 {},
  year = 	 {2002},
  OPTannote = 	 {}
}

@article{Reiter:alfdr,
	author = {R. Reiter},
	title = {A logic for default reasoning},
	journal = {Artificial Intelligence},
	year = {1980},
	volume = {13},
	pages = {??}
}

@book{ResBra:tloi,
	title = {The logic of inconsistency},
	publisher = {Basil Blackwell},
	year = {1980},
	author = {N. Rescher and R. Brandom},
	address = {London}
}


@Book{Rev:itfl,
  author = 	 "G.E.\ R\'ev\'esz",
  title = 	 "Introduction to Formal Languages",
  publisher = 	 "Dover Publications",
  year = 	 "1991",
  OPTcrossref =  "",
  OPTkey = 	 "",
  OPTeditor = 	 "",
  OPTvolume = 	 "",
  OPTnumber = 	 "",
  OPTseries = 	 "",
  OPTaddress = 	 "",
  OPTedition = 	 "",
  OPTmonth = 	 "",
  OPTnote = 	 "(revised version of the 1983 McGraw-Hill edition)",
  OPTannote = 	 ""
}

@article{Reyle:vaaid,
	author = {U. Reyle},
	title = {Vagueness and Ambiguity in {DRT}},
	journal = {Journal of Semantics},
	year = {1993}
}

@article{Reyle:dwabucrad,
 	author = {U. Reyle},
 	title = {Dealing with Ambiguities by Underspecification:
		  Construction, Representation and Deduction}, 	
        journal = {Journal of Semantics},
 	year = {1993},
 	volume = {10},
	pages ={123--179} 
}


@unpublished{Reyle:mdappr,
	author = {Reyle, U.},
	title = {Monotonic Disambiguation and Plural Pronoun Resolution},
	note = {to appear in: },
	year = {1994}
}

@article{ReyGab:ddcodrs,
	author = {U. Reyle and D. Gabbay},
	title = {Direct Deductive Computation on Discourse
		  Represenation Structures},
	journal = {Linguistics and Philosophy},
	year = {1994},
	volume = {17},
	pages = {343--390}
}

@book{RieWil:itttog,
      title = {Introduction to the Theory of Grammar}, 
      author = {Riemsdijk, H. van and E. Williams}, 
      year = {1986}, 
      publisher = {MIT Press}
} 

@Book{RichterGK:tigsc,
  author = 	 {J. Richter-Gebert and U.H. Kortenkamp},
  ALTeditor = 	 {},
  title = 	 {The Interactive Geometry Software {C}inderella},
  publisher = 	 {Springer},
  year = 	 {1999},
  OPTkey = 	 {},
  OPTvolume = 	 {},
  OPTnumber = 	 {},
  OPTseries = 	 {},
  OPTaddress = 	 {},
  OPTedition = 	 {},
  OPTmonth = 	 {},
  note = 	 {Internet support on \url{www.cinderella.de}},
  OPTannote = 	 {}
}

@techreport{Rijke:asodml,
	title = {A System of Dynamic Modal Logic},
	author = {Rijke, M. de},
	institution = {ILLC, University of Amsterdam},
	year = {1992},
	number = {LP-92-08}
}

@phdthesis{Rijke:eml,
	author = {Rijke, M. de},
	title = {Extending Modal Logic},
	school = {ILLC, University of Amsterdam},
	year = {1993}
}

@incollection{Rijke:msn,
	title = {Meeting Some Neighbours},
	author = {Rijke, M. de},
	booktitle = {Logic and Information Flow},
	year = {1994},
	publisher = {MIT Press, Cambridge, Mass.},
	editor = {Eijck, J. van and A. Visser}, 
        pages = {170--195}
}

@article{Rijke:tmloi,
	author = {Rijke, M. de},
	title = {The Modal Logic of Inequality},
	journal = {Journal of Symbolic Logic},
	year = {1992},
	volume = {57},
	number = {2},
	pages = {566--584}
}

@techreport{Rijke:altfml, 
        author = {Rijke, M. de}, 
        title = {A {L}indstr\"{o}m Theorem for modal logic},   
        institution = {CWI}, 
        year = {to appear}
}

@techreport{Rijke:mtfml, 
        author = {Rijke, M. de}, 
        title = {Model theory for modal logic},   
        institution = {CWI}, 
        year = {to appear}
}

@Unpublished{RijBenEij:ud,
  author = 	 {Rijke, M de and J. van Benthem and J. van Eijck},
  title = 	 {Underspecified Deduction for Domain Independent 
                  Information Extraction},
  note = 	 {SION project proposal, Spring 1998 (Granted by SION)},
  OPTkey = 	 {},
  OPTmonth = 	 {},
  OPTyear = 	 {},
  annote = 	 {}
}

@book{RitRusBlaPul:cm, 
    author = {Ritchie, G.D. and Russell, G.J. and Black, A.W. and 
              Pulman, S.G.}, 
    title = {Computational Morphology}, 
    publisher = {MIT Press}, 
    year = {1992}
}



@InCollection{Roberts:tpocia,
  author = 	 {C. Roberts},
  title = 	 {The Place of Centering in a General Theory of Anaphora 
                  Resolution},
  booktitle = 	 {Centering Theory in Discourse},
  OPTcrossref =  {},
  OPTkey = 	 {},
  pages = 	 {359--400},
  publisher = {Clarendon Press},
  year = 	 {1998},
  editor = 	 {M. Walker and A. Joshi and E. Prince},
  OPTvolume = 	 {},
  OPTnumber = 	 {},
  OPTseries = 	 {},
  OPTtype = 	 {},
  OPTchapter = 	 {},
  OPTaddress = 	 {},
  OPTedition = 	 {},
  OPTmonth = 	 {},
  OPTnote = 	 {},
  OPTannote = 	 {}
}

@phdthesis{Roberts:msaad,
	author = 	"Roberts, C.",
	year =		1987,
	title = 	"Modal Subordination, Anaphora, and Distributivity",
	school = 	"University of Massaschusetts"
}


@incollection{Roberts:d,
	author = {Roberts, C.},
	title = {Distributivity},
	booktitle = {Proceedings of the Sixth Amsterdam Colloquium},
	year = {1988},
	publisher = {University of Amsterdam},
	editor = {Groenendijk, J. and Stokhof, M. and Veltman, F.}
}

@article{Roberts:msapai,
	author = {C. Roberts},
	title = {Modal Subordination and Pronominal Anaphora in Discourse},
	journal = {Linguistics and Philosophy},
	year = {1989},
	volume = {12},
	pages = {683--721}
}



@Book{RobVor:hoar,
  ALTauthor = 	 {},
  editor = 	 {J.A. Robinson and A. Voronkov},
  title = 	 {Handbook of Automated Reasoning},
  publisher = 	 {Elsevier},
  year = 	 {2001},
  OPTkey = 	 {},
  OPTvolume = 	 {},
  OPTnumber = 	 {},
  OPTseries = 	 {},
  OPTaddress = 	 {},
  OPTedition = 	 {},
  OPTmonth = 	 {},
  OPTnote = 	 {},
  OPTannote = 	 {}
}

@Article{Robinson:amlbo,
  author = 	 {J.A. Robinson},
  title = 	 {A machine-oriented logic based on the resolution principle},
  journal = 	 {Journal of the {ACM}},
  year = 	 {1965},
  OPTkey = 	 {},
  volume = 	 {12},
  number = 	 {1},
  pages = 	 {23--41},
  OPTmonth = 	 {},
  OPTnote = 	 {},
  OPTannote = 	 {}
}

@Article{Robinson:adwh,
  author = 	 {J.A. Robinson},
  title = 	 {Automated Deduction with Hyper-resolution},
  journal = 	 {International Journal of Computer Mathematics},
  year = 	 {1965},
  OPTkey = 	 {},
  volume = 	 {1},
  OPTnumber = 	 {},
  pages = 	 {227--234},
  OPTmonth = 	 {},
  OPTnote = 	 {},
  OPTannote = 	 {}
}

@phdthesis{Rogers:sitlot,
    author = {J. Rogers}, 
    title = {Studies in the Logic of Trees with Applications 
             to Grammar Formalisms}, 
    school = {Department of Computer and Information Sciences, 
              University of Delaware}, 
    year = {1994}, 
    note = {Technical Report no.\ 95-04}
}

@Book{Rogers:adatlt,
  author = 	 {J. Rogers},
  ALTeditor = 	 {},
  title = 	 {A descriptive approach to language-theoretic
                  complexity},
  publisher = 	 {CSLI \&\ FoLLI},
  year = 	 {1998},
  OPTkey = 	 {},
  OPTvolume = 	 {},
  OPTnumber = 	 {},
  series = 	 {Studies in Logic, Language and Information},
  OPTaddress = 	 {},
  OPTedition = 	 {},
  OPTmonth = 	 {},
  OPTnote = 	 {},
  OPTannote = 	 {}
}

@Book{RoeBoeEA:sbpoc,
  author = 	 {W.-P.de Roever and F.S. de Boer and others},
  ALTeditor = 	 {},
  title = 	 {Concurrence Verification: 
                  Introduction to Compositional and Noncompositional 
                  Methods},
  publisher = 	 {Cambridge University Press},
  year = 	 {2001},
  OPTkey = 	 {},
  OPTvolume = 	 {},
  OPTnumber = 	 {},
  series = 	 {Cambridge Tracts in Theoretical Computer Science},
  OPTaddress = 	 {},
  OPTedition = 	 {},
  OPTmonth = 	 {},
  OPTnote = 	 {},
  OPTannote = 	 {}
}

@InCollection{RobWos:patpif,
  author = 	 {G.A. Robinson and L. Wos},
  title = 	 {Paramodulation and theorem proving in first order
                  theories with equality},
  booktitle = 	 {Machine Intelligence, Vol 4},
  OPTcrossref =  {},
  OPTkey = 	 {},
  pages = 	 {135--150},
  OPTpublisher = {},
  year = 	 {1969},
  editor = 	 {B. Meltzer and D. Michie},
  OPTvolume = 	 {},
  OPTnumber = 	 {},
  OPTseries = 	 {},
  OPTtype = 	 {},
  OPTchapter = 	 {},
  OPTaddress = 	 {},
  OPTedition = 	 {},
  OPTmonth = 	 {},
  OPTnote = 	 {},
  OPTannote = 	 {}
}

@Article{vanrooy01:eids,
   author =     {Robert van Rooy}, 
   title =      {Exhaustivity in dynamic semantics; 
                 referential and descriptive pronouns}, 
   journal =    {Linguistics and philosophy}, 
   year =       2001, 
   volume =     24, 
   number =     5, 
   month =      {October} 
 } 

@book{Rosetta:ct,
	title = {Compositional Translation},
	publisher = {Kluwer, Dordrecht},
	year = {1994},
	author = {M.T. Rosetta}
}



@PhdThesis{Ross67:covis,
  author = 	 {J.R. Ross},
  title = 	 {Constraints on Variables in Syntax},
  school = 	 {MIT},
  year = 	 {1967},
  OPTkey = 	 {},
  OPTtype = 	 {},
  OPTaddress = 	 {},
  OPTmonth = 	 {},
  OPTnote = 	 {},
  OPTannote = 	 {}
}

@techreport{Rossdeutscher:ulitcd,
	title = {Using Lexical Information to Construct Discourse Representation Structures: A Case Study in Anaphora Resolution},
	author = {A. Ro{\ss}deutscher},
	institution = {University of Stuttgart },
	year = {1993},
	number = {33}
}

@techreport{Rossdeutscher:ulitcdrs,
	title = {Using Lexical Information to Construct Discourse
		  Representation Structures: A Case Study in Anaphora
		  Resolution},
	author = {Ro{\ss}deutscher, A.},
	institution = {IMS Stuttgart, Germany},
	year = {1993},
	type = {Arbeitspapiere des Sonderforschungsbereichs 340},
	number = {33}
}

@incollection{Rounds:fl, 
   author = {W.C. Rounds}, 
   title = {Feature Logics}, 
   year = {To appear},
   booktitle = {Handbook of Logic and Language},
   editor = {Benthem, J. van and A. ter Meulen},
   publisher = {Elsevier, Amsterdam}
}

@techreport{Rounds:sfanfl, 
   author = {W.C. Rounds}, 
   title = {Suggestions for a Non-monotonic Feature Logic}, 
   month = {July}, 
   year = {1995},
   institution = {CWI, Amsterdam} 
}
   
@MastersThesis{Ruan04:etuu,
  author = 	 {J. Ruan},
  title = 	 {Exploring the Update Universe},
  school = 	 {ILLC},
  year = 	 2004,
  address =	 {Amsterdam}
}

@unpublished{RuessShankar:LICS2001,
    AUTHOR = {Harald Rue\ss and {N.} Shankar},
    TITLE = {Deconstructing {S}hostak},
    NOTE = {{LICS'2001}},
    YEAR = {2001},
    URL = {http://www.csl.sri.com/papers/lics01/}
}

@article{Russell:msor,
	author = {B. Russell},
	title = {Mr. Strawson on Referring},
	journal = {Mind},
	year = {1957},
	volume = {66},
	pages = {385--389}
}

@incollection{Russell:ltf, 
  author = {B. Russell}, 
  title = {Letter to {F}rege}, 
  booktitle = {From {F}rege to {G}\"odel}, 
  editor = {Heijenoord, J. van}, 
  pages = {124--125}, 
  year = {1967}, 
  publisher = {Harvard University Press} 
} 
 


@article{Russell:od,
	author = {B. Russell},
	title = {On Denoting},
	journal = {Mind},
	year = {1905},
	volume = {14},
	pages = {479--493}
}


@Article{Rutten03:bde,
  author = 	 {J.J.M.M. Rutten},
  title = 	 {Behavioural differential equations:
                       a coinductive calculus of streams,
                       automata, and power series},
  journal = 	 {Theoretical Computer Science},
  year = 	 2003,
  volume =	 308,
  pages =	 {1--53},
  month =	 {November}
}

@techreport{Rutten00:bde,
        author      = "J.J.M.M. Rutten",
        title       = "Behavioural differential equations:
                       a coinductive calculus of streams,
                       automata, and power series",
        institution =  "CWI",
        year        = "2000",
        type        = "Report",
        number      = "SEN-R0023",
        note        = "Available at URL: www.cwi.nl.
                       To appear in Theoretical Computer Science."}

@unpublished{Rutten:acots, 
        author = {J. Rutten}, 
        title = {A Calculus of Transition Systems (Towards Universal Coalgebra)}, 
        note = {Manuscript, CWI, Amsterdam}, 
        year = {1994}
}

@incollection{RutTur:iaafcs,
	author = {J. Rutten and D. Turi},
	title = {Initial Algebra and Final Coalgebra 
        Semantics for Concurrency},
	booktitle = {A Decade of Concurrency}, 
        editor = {Bakker, J.W. de and W.P. de Roever and G. Rozenberg}, 
        publisher = {Springer, Berlin}, 
	year = {1994}, 
        pages = {530--582}
}

%S

@phdthesis{Sag:dalf,
	author = {Sag, I.},
	title = {Deletion and Logical Form},
	school = {MIT},
	year = {1976}
}

@article{SagHan:dasa,
	author = {Sag, I.A. and Hankamer, J.},
	title = {Deep and surface anaphora},
	journal = {Linguistic Inquiry},
	year = {1976},
	volume = {7},
	number = {3},
	pages = {391-428}
}

@phdthesis{Sanchez:sonlac, 
        author = {V. S\'anchez}, 
        title = {Studies on Natural Logic and Categorial Grammar}, 
        school = {University of Amsterdam}, 
        year = {1991}
}

@book{Sandt:cap,
	title = {Context and Presupposition},
	publisher = {Croom Helm},
	year = {1988},
	author = {Sandt, R.A. van der},
	address = {London}
}

@incollection{Sandt:pads,
	author = {Sandt, R.A. van der},
	title = {Presupposition and Discourse Structure},
	booktitle = {Semantics and Contextual Expression},
	year = {1989},
	publisher = {Foris},
	address = {Dordrecht}
}

@article{Sandt:ppaar,
	author = {Sandt, R.A. van der},
	title = {Presupposition Projection as Anaphora Resolution},
	journal = {Journal of Semantics},
	year = {1992},
	volume = {9},
	pages = {333--377},
	note = {Special Issue: Presupposition, Part 2}
}

@techreport{SanGeu:paalc,
	title = {Presupposition, Anaphora, and Lexical Content},
	author = {Sandt, R.A. van der and B. Geurts},
	institution = {IWBS, IBM Germany},
	year = {1991},
	number = {185},
	address = {Stuttgart}
}

@article{Saurer:andsod,
	author = {W. Saurer},
	title = {A Natural Deduction System of Discourse Representation Theory},
	journal = {Journal of Philosophical Logic},
	year = {1993},
	volume = {22},
	number = {3},
	pages = {249--302}
}

@incollection{Scha:dcacq,
  	author = {Scha, R.J.H.},
	title = {Distributive, Collective and Cumulative Quantification},
	booktitle = {Formal Methods in the Study of Language},
	year = {1981},
	publisher = {Mathematisch Centrum},
	editor = {Groenendijk, J. et al.},
	pages = {483-512},
	address = {Amsterdam}
}

@book{SchDos:sl, 
        editor = {P. Schroeder-Heister and K. Do\v{s}en}, 
        title = {Substructural Logics}, 
        publisher = {Oxford University Press}, 
        year = {1994}
}



@Book{Schmidt86:dsamfld,
  author =	 {D.A. Schmidt},
  title = 	 {Denotational Semantics: a Methodology for Language 
                  Development},
  publisher = 	 {Allyn and Bacon},
  year = 	 1986
}

@article{SchPel:fetl,
        author = {L. K. Schubert and F. J. Pelletier},
        title = {From English to Logic: Context-Free Computation of 
                `Conventional' Logical Translation},
        journal = {American Journal of Computational Linguistics},
        volume = {8},
        pages = {26--44},
        year = {1982}
} 
        

@techreport{SchChr:tcum,
        title = {The {\sc Cqp} User's Manual},
        author = {B.M. Schulze and O. Christ},
        institution = {IMS, Universit\"{a}t Stuttgart, Germany},
        year = {1994},
        number = {}
}


@inproceedings{SchTru:mlsatm,
	author = {G. Schwarz and M. Truszczy\'{n}ski},
	title = {Modal logic S4F and the minimal knowledge paradigm},
	booktitle = {Proceedings of \sc tark 4},
	year = {1992},
	publisher = {Morgan Kaufman},
	address = {Palo Alto, CA},
	editor = {Y.O. Moses}
}

@phdthesis{Schwarzschild:otmopn,
	author =	"Schwarzschild, R.",
	year =		1990,
	title =		"On the Meaning of Plural Noun Phrases",
	note =		"Draft"
}

@article{Schwarzschild:topi,
	author = {Schwarzschild, R.},
	title = {Types of plural individual},
	journal = {Linguistics and Philosophy},
	year = {1992},
	volume = {15},
	pages = {641-675}
}

@incollection{Scott:mfvtc,
	author =	"Scott, D.A.",
	year =		1973,
	title =		"Models for various type-free calculii",
	editor =	"P. Suppes {\em et al.}",
	booktitle =	"Logic, Methodology and Philosophy of Science IV",
	series =	"North Holland Studies in Logic and 
			the Foundations of Mathematics",
	publisher = 	"North Holland",
	pages =		"157--187"
}

@incollection{Scott:dfds, 
        author = {D.S. Scott}, 
        title = {Domains for Denotational Semantics}, 
        booktitle = {Lecture Notes in Computer Science 140}, 
        editor = {M. Nielsen and E.T. Schmidt}, 
        publisher = {Springer, Berlin}, 
        year = {1982}, 
        pages = {577--613}
}

@incollection{Scott:ast, 
        author = {D.\ Scott}, 
        title = {Axiomatizing Set Theory}, 
        booktitle = {Proceedings of Symposia in Pure Mathematics}, 
        editor = {T.J.\ Jech}, 
        publisher = {AMS}, 
        volume = {13, part II},
        year = {1974}, 
        pages = {207--214}
}

@book{Searle:sa, 
        author = {J. R. Searle}, 
        title = {Speech Acts: An Essay in the Philosophy of Language}, 
        publisher = {Cambridge University Press, Cambridge}, 
        year = {1969}
}

@article{SedEyt:atcfd,
	author = {C. Sedogbo and M. Eytan},
	title = {A Tableau Calculus for {DRT}},
	journal = {Logique et Analyse},
	year = {1988},
	volume = {31},
	pages = {379--402}
}

@InCollection{Segerberg:actitm,
  author = 	 {K. Segerberg},
  title = 	 {A Completeness Theorem in the Modal Logic of Programs},
  booktitle = 	 {Universal Algebra and Applications},
  pages = 	 {36--46},
  publisher = {Polish Science Publications},
  year = 	 1982,
  editor = 	 {T. Traczyck}
}

@techreport{Segerberg:brftpo, 
  author = {K. Segerberg}, 
  title = {Belief Revision from the Point of View of Doxastic Logic}, 
  number = {9}, 
  year = {1994}, 
  institution = {Department of Philosophy, Uppsala University}
}

@book{Sells:locst, 
  author = {P. Sells}, 
  title = {Lectures on Contemporary Syntactic Theories}, 
  publisher = {CSLI}, 
  year = {1985}
}

@techreport{Sem:apfeid,
	title = {A proposal for ellipsis in {DRT}},
	author = {Sem, H.F.},
	institution = {University of Oslo},
	year = {1993},
	type = {Reports in Language, Logic and Information},
	number = {2}
}

@incollection{Sem:vead, 
        author = {Sem, H.F.}, 
        title = {{VP}-ellipsis and {DRT}}, 
        booktitle = {Ellipsis, Tense and Questions}, 
        editor = {Kamp, H.}, 
        pages = {6--84},
        publisher = {DYANA-2 ESPRIT Basic Research Project 6852}, 
	year = {1994}
}


@book{Seuren:ds,
	title = {Discourse Semantics},
	publisher = {Blackwell, Oxford},
	year = {1986},
	author = {P. Seuren}
}

@incollection{Seuren:p,
	author = {P. Seuren},
	title = {Pr\"{a}suppositionen},
	booktitle = {Semantics, An International Handbook of Contemporary Research},
	year = {1991},
	publisher = {De Gruyter, Berlin},
	editor = {Stechow, A. von and D. Wunderlich},
	pages = {286--318}
}


@book{Shieber:aitubatg,
	title = {An Introduction to Unification Based Approaches to Grammar},
	publisher = {CSLI, Stanford},
        year = {1986},
	author = {S.M. Shieber},
	volume = {4},
	series = {CSLI Lecture Notes},
	note = {Distributed by University of Chicago Press}
}


@Article{ShiSchPer95:pidp,
  author = 	 {S.M. Shieber and Y. Schabes and F.C.N. Pereira},
  title = 	 {Principles and Implementation of Deductive Parsing},
  journal = 	 {Journal of Logic Programming},
  year = 	 1995,
  volume =	 24,
  pages =	 {3--36}
}

@book{Shoham:rac,
	title = {Reasoning about Change},
	publisher = {MIT Press, Cambridge, Mass},
	year = {1988},
	author = {Shoham, Y.}
}



@Article{Shostak:aafrae,
  author = 	 {R. Shostak},
  title = 	 {An algorithm for reasoning about equality},
  journal = 	 {Communications of the {ACM}},
  year = 	 {1978},
  OPTkey = 	 {},
  volume = 	 {21},
  OPTnumber = 	 {},
  pages = 	 {583--585},
  OPTmonth = 	 {},
  OPTnote = 	 {},
  OPTannote = 	 {}
}

@phdthesis{Sidner:tactod,
	author = {C.L. Sidner},
	title = {Towards a Computation Theory of Definite Anaphora Comprehension in English Discourse},
	school = {MIT, Cambridge},
	year = {1979}
}

@article{Smolka:fclfug,
	title = {Feature Constraint Logics for Unification Grammars},
	author = {G. Smolka},
	year = {1992},
        journal = {Journal of Logic Programming}, 
        volume = {12}, 
        pages = {51--87}
}

@Book{Sikkel:ps,
  author = 	 {K. Sikkel},
  ALTeditor = 	 {},
  title = 	 {Parsing Schemata -- A Framework for Specification 
                  and Analysis of Parsing Algorithms},
  publisher = 	 {Springer},
  year = 	 {1997},
  OPTkey = 	 {},
  OPTvolume = 	 {},
  OPTnumber = 	 {},
  OPTseries = 	 {},
  OPTaddress = 	 {},
  OPTedition = 	 {},
  OPTmonth = 	 {},
  OPTnote = 	 {},
  OPTannote = 	 {}
}



@Book{SilKorSud:dsc,
  author = 	 {A. Silberschatz and H.F. Korth and S. Sudarshan},
  ALTeditor = 	 {},
  title = 	 {Database System Concepts (4th edition)},
  publisher = 	 {McGraw-Hill},
  year = 	 {2001},
  OPTkey = 	 {},
  OPTvolume = 	 {},
  OPTnumber = 	 {},
  OPTseries = 	 {},
  OPTaddress = 	 {},
  OPTedition = 	 {},
  OPTmonth = 	 {},
  OPTnote = 	 {},
  OPTannote = 	 {}
}

@book{Smullyan:fl,
	title = {First-order logic},
	publisher = {Springer, Berlin},
	year = {1968},
	author = {R. Smullyan}
}

@book{Smullyan:tmam,
	title = {To Mock a Mockingbird},
	publisher = {Oxford University Press}, 
	year = {1990},
	author = {R. Smullyan}
}

@book{Smullyan:fu,
	title = {Forever Undecided},
	publisher = {Oxford University Press}, 
	year = {1988},
	author = {R. Smullyan}
}

@incollection{Soames:p,
        title = {Presupposition}, 
        author = {S. Soames}, 
	booktitle = {Handbook of Philosophical Logic},
	year = {1984},
	publisher = {Reidel},
	editor = {D. Gabbay and F. Guenthner},
	pages = {553--616},
	note = {Volume IV},
	place = {Dordrecht}
}

@book{Sommers:tlonl, 
        author = {F. Sommers}, 
        title = {The Logic of Natural Language}, 
        publisher = {Cambridge University Press}, 
        year = {1982}
}

@Book{sowa:krlpacf,
  author = 	 {John F. Sowa},
  ALTeditor = 	 {},
  title = 	 {Knowledge Representation: Logical, Philosophical,
                  and Computational Foundations},
  publisher = 	 {Brooks Cole},
  year = 	 {2000},
  OPTkey = 	 {},
  OPTvolume = 	 {},
  OPTnumber = 	 {},
  OPTseries = 	 {},
  address = 	 {Pacific Grove, CA},
  OPTedition = 	 {},
  OPTmonth = 	 {},
  OPTnote = 	 {},
  OPTannote = 	 {}
}

@phdthesis{Spaan:coml,
	author = {E. Spaan},
	title = {Complexity of Modal Logics},
	school = {University of Amsterdam},
	year = {1993}
}

@Unpublished{Spinoza:lia,
  author = 	 {NN},
  title = 	 {Spinoza: Logic in Action},
  note = 	 {\verb+http://www.wins.uva.nl/projects/spinoza/+},
  OPTkey = 	 {},
  OPTmonth = 	 {},
  OPTyear = 	 {},
  OPTannote = 	 {}
}

@phdthesis{Spruit:lodu, 
  author = {P.A. Spruit}, 
  title = {Logics of Database Updates}, 
  school = {Free University, Amsterdam}, 
  year = {1994}
}

@article{SprWieMey:adsaos, 
  author = {P.~Spruit and R.~Wieringa and J.-J.~Meyer}, 
  title = {Axiomatization, declarative semantics and operational 
           semantics of passive and active updates in logic 
           databases}, 
  journal= {Journal of Logic and Computation},
  year = {1995}, 
  pages = {27--70}
}

@Book{StaeSchmBoe,
  author = 	 {R. St\"ark and J. Schmid and E. B\"orger},
  ALTeditor = 	 {},
  title = 	 {Java and the {J}ava {V}irtual {M}achine},
  publisher = 	 {Springer},
  year = 	 {2001},
  OPTkey = 	 {},
  OPTvolume = 	 {},
  OPTnumber = 	 {},
  OPTseries = 	 {},
  OPTaddress = 	 {},
  OPTedition = 	 {},
  OPTmonth = 	 {},
  OPTnote = 	 {},
  OPTannote = 	 {}
}

@incollection{Stalnaker:toc,
      author = {R. Stalnaker},
      title = {A Theory of Conditionals},
      year = {1968},
      booktitle = {Studies in Logical Theory},
      editor = {N. Rescher},
      series = {American Philosophical Quarterly Monograph Series 2},
      publisher = {Basil Blackwell},
      address = {Oxford}
}

@Article{Stalnaker:pwas,
  author = 	 {R. Stalnaker},
  title = 	 {Possible Worlds and Situations},
  journal = 	 JPL,
  year = 	 {1986},
  OPTkey = 	 {},
  volume = 	 {15},
  OPTnumber = 	 {},
  pages = 	 {109--123},
  OPTmonth = 	 {},
  OPTnote = 	 {},
  OPTannote = 	 {}
}

@incollection{Stalnaker:a,
      author = {R. Stalnaker},
      title = {Assertion},
      booktitle = {Syntax and Semantics Vol.9: Pragmatics},
      year ={1979},
      editor = {P. Cole},
      publisher = {Academic Press},
      address = {New York},
      pages = {315--332}
}

@incollection{Stalnaker:pp, 
  author = {R. Stalnaker}, 
  title = {Pragmatic Presuppositions}, 
  booktitle = {Semantics and Philosophy}, 
  pages = {197--213}, 
  editor = {M.K. Munitz and P.K. Unger}, 
  publisher = {New York University Press}, 
  year = {1974}
}

@incollection{Stalnaker:p,
	author = {R. Stalnaker},
	title = {Pragmatics},
	booktitle = {Semantics of Natural Language},
	year = {1972},
	publisher = {Reidel},
	editor = {D. Davidson and G. Harman},
	pages = {380--397},
	place = {Dordrecht}
}

@InCollection{Staudacher:zsin,
  author = 	 {P. Staudacher},
  title = 	 {Zur {S}emantik indefiniter {N}ominalphrasen},
  booktitle = 	 {Neue {F}orschungen zur {W}ortbildung und {H}istoriographie
                  der {L}inguistik}, 
  OPTcrossref =  {},
  OPTkey = 	 {},
  pages = 	 {239--258},
  publisher =    {Gunter Narr Verlag},
  year = 	 {1987},
  editor = 	 {B. Asbach-Schnitker and J. Roggenhofer},
  OPTvolume = 	 {},
  OPTnumber = 	 {},
  OPTseries = 	 {},
  OPTtype = 	 {},
  OPTchapter = 	 {},
  OPTaddress = 	 {},
  OPTedition = 	 {},
  OPTmonth = 	 {},
  OPTnote = 	 {},
  OPTannote = 	 {}
}

@article{Stechow:cstoc,
	author = {Stechow, A. von},
	title = {Comparing semantic theories of comparison},
	journal = {Journal of Semantics},
	year = {1984},
	volume = {3},
	pages = {1-77}
}

@inproceedings{SteRoe:bcp,
	author =	"Steel, Sam and {De Roeck}, Anne N.",
	year =		1987,
	title =		"Bidirectional Chart Parsing",
	booktitle =	"Advances in Artificial Intelligence
			(Proceedings of AISB87)",
	editor =	"Mellish, Christopher S. and Hallam, John",
	publisher =	"Wiley",
	address =	"Chichester",
	pages =		"223--235"
}

@Book{SteSha:taop,
  author = 	 {L. Sterling and E. Shapiro},
  ALTeditor = 	 {},
  title = 	 {The Art of {P}rolog (Second Edition)},
  publisher = 	 {MIT Press},
  year = 	 {1994},
  OPTkey = 	 {},
  OPTvolume = 	 {},
  OPTnumber = 	 {},
  OPTseries = 	 {},
  OPTaddress = 	 {},
  OPTedition = 	 {},
  OPTmonth = 	 {},
  OPTnote = 	 {},
  OPTannote = 	 {}
}

@article{Stickel:apttp,
	author = {Stickel, M.E.},
	title = {A Prolog technology theorem prover: implementation by an extended Prolog compiler},
	journal = {Journal of Automated Reasoning},
	year = {1988},
	volume = {4},
	pages = {353-380}
}

@article{Stirling:mlcs,
      author = {C. Stirling},
      title = {Modal logics for communicating systems},
      journal = {Theoretical Computer Science},
      year = {1987},
      volume = {49},
      pages = {311--347}
}

@Book{Stirling:matpop,
  author = 	 {C. Stirling},
  ALTeditor = 	 {},
  title = 	 {Modal and Temporal Properties of Processes},
  publisher = 	 {Springer},
  year = 	 {2001},
  OPTkey = 	 {},
  OPTvolume = 	 {},
  OPTnumber = 	 {},
  OPTseries = 	 {},
  OPTaddress = 	 {},
  OPTedition = 	 {},
  OPTmonth = 	 {},
  OPTnote = 	 {},
  OPTannote = 	 {}
}



@Book{Stoy77:ds,
  author =	 {J.E. Stoy},
  title = 	 {Denotational Semantics: The {S}cott-{S}trachey Approach
                  to Programming Language Theory},
  publisher = 	 {MIT Press},
  year = 	 1977
}

@article{Strawson:or,
	author = {P.F. Strawson},
	title = {On Referring},
	journal = {Mind},
	year = {1950},
	volume = {59},
	pages = {320-344}
}

@Article{Streett:pdlolac,
  author = 	 {Streett, R.S.},
  title = 	 {Propositional dynamic logic of looping and converse is elementarily decidable},
  journal = 	 {Information and Control},
  year = 	 1982,
  volume =	 54,
  number =	 {1/2},
  pages =	 {124--141},
  month =	 {July/August}
}

@article{StrEme89:aatdp,
 author = {R.S. Streett and E.A, Emerson},
 title = {An automata theoretic decision procedure for the propositional mu-calculus},
 journal = {Information and Computation},
 volume = {81},
 number = {3},
 year = {1989},
 issn = {0890-5401},
 pages = {249--264},
 doi = {http://dx.doi.org/10.1016/0890-5401(89)90031-X},
 publisher = {Academic Press, Inc.},
 }

@Book{StruWhi79:teos,
  author =	 {W. Strunk Jr. and E.B. White},
  title = 	 {The Elements of Style},
  publisher = 	 {Macmillan},
  year = 	 {1979 (third edition)}
}

@incollection{Sundholm:ptam,
	author = {G. Sundholm},
	title = {Proof Theory and Meaning},
	booktitle = {Handbook of Philosophical Logic III},
	year = {1986},
	publisher = {Kluwer, Dordrecht},
	editor = {D. Gabbay and F. Guenthner},
	pages = {471--506}
}

@article{Sundholm:cgq,
	author = 	"Sundholm, G.",
	year =		"1989",
	title =		"Constructive Generalised Quantifiers",
	journal =	"Synthese",
	volume =	79,
	pages =		"1--12"
}

@InCollection{szabolsci97:sfst,
   author =     {Anna Szabolsci}, 
   title =      {Strategies for Scope taking}, 
   booktitle =          {Ways of scope taking}, 
   pages =      {109-154}, 
   publisher =  {Kluwer Academic Publishers}, 
   year =       1997, 
   editor =     {Anna Szabolsci} 
 } 


%T

@incollection{Tarski:tcotit, 
        author = {A. Tarski}, 
        title = {The Concept of Truth in the Languages of the
		  Deductive Sciences}, 
        booktitle = {Logic, Semantics, Metamathematics}, 
        editor = {J. Woodger}, 
        publisher = {Oxford}, 
        year = {1956}, 
        note = {First published in {P}olish in 1933}
}


@Book{Taylor:pfom,
  author = 	 {P. Taylor},
  ALTeditor = 	 {},
  title = 	 {Practical Foundations of Mathematics},
  publisher = 	 {Cambridge University Press},
  year = 	 {2000},
  OPTkey = 	 {},
  OPTvolume = 	 {},
  OPTnumber = 	 {},
  OPTseries = 	 {},
  OPTaddress = 	 {},
  OPTedition = 	 {},
  OPTmonth = 	 {},
  OPTnote = 	 {},
  OPTannote = 	 {}
}

@phdthesis{Thijsse:plakr,
	author = {E.G.C. Thijsse},
	title = {Partial Logic and Knowledge Representation},
	school = {University of Tilburg},
	year = {1992},
	address = {Delft},
	publisher = {Eburon}
}

@article{Thomason:anosto,
	author = {R. Thomason},
	title = {A Note on Syntactical Treatments of Modality},
	journal = {Synthese},
	year = {1980},
	volume = {44},
	pages = {391-395}
}

@incollection{Thomason:tvgmtv,
	author = {S.K. Thomason},
	title = {Truth Value Gaps, Many Truth Values, and Possible Worlds},
	booktitle = {Syntax and Semantics 11: Presupposition},
	year = {1979},
	publisher = {Academic Press},
	editor = {C.-K. Oh and D. Dinneen},
	pages = {357--369},
	place = {New York}
}

@book{Thompson:ttafp,
        author = {S. Thompsoon},
	title = {Type Theory and Functional Programming},
	publisher = {Addison Wesley},
	year = {1991}
}


@Book{Thompson:htcofp,
  author = 	 {S. Thompson},
  ALTeditor = 	 {},
  title = 	 {Haskell: the craft of functional programming 
                  (second edition)},
  publisher = 	 {Addison Wesley},
  year = 	 {1999},
  OPTkey = 	 {},
  OPTvolume = 	 {},
  OPTnumber = 	 {},
  OPTseries = 	 {},
  OPTaddress = 	 {},
  OPTedition = 	 {},
  OPTmonth = 	 {},
  OPTnote = 	 {},
  OPTannote = 	 {}
}

@book{TroDal:cim,
	title = {Constructivism in Mathematics},
	publisher = {Elsevier Science Publishers, Amsterdam},
	year = {1988},
	author = {A.S. Troelstra and D. van Dalen}
}

@Book{TroSch:bpt,
  author = 	 {A.S. Troelstra and H. Schwichtenberg},
  title = 	 {Basic Proof Theory},
  publisher = 	 {Cambridge University Press},
  year = 	 {1996},
  OPTkey = 	 {},
  OPTeditor = 	 {},
  OPTvolume = 	 {},
  OPTnumber = 	 {},
  OPTseries = 	 {},
  OPTaddress = 	 {},
  OPTedition = 	 {},
  OPTmonth = 	 {},
  OPTnote = 	 {},
  OPTannote = 	 {}
}

@Book{Trudeau:tner,
  author = 	 {R.J. Trudeau},
  ALTeditor = 	 {},
  title = 	 {The Non-Euclidean Revolution},
  publisher = 	 {Birkhauser Boston},
  year = 	 {1995},
  OPTkey = 	 {},
  OPTvolume = 	 {},
  OPTnumber = 	 {},
  OPTseries = 	 {},
  OPTaddress = 	 {},
  OPTedition = 	 {},
  OPTmonth = 	 {},
  note = 	 {Reprint of 1987 edition},
  OPTannote = 	 {}
}

@book{TucZuc:pcoadt, 
      author= {J.V.~Tucker and J.I.~Zucker}, 
      title = {Program Correctness over Abstract Data Types, 
               with Error State Semantics}, 
      publisher = {North Holland, Amsterdam}, 
      place = {Amsterdam}, 
      year = {1988}
}

@unpublished{Turner:eipt,
	author =	"Turner, R.",
	year =		1988,
	title =		"Events in Property Theory",
	note =		"m.s. University of Essex"
}

@Article{Turing36:ocrn,
  author = 	 {A.M. Turing},
  title = 	 {On computable real numbers, with an application to the {E}ntscheidung problems},
  journal = 	 {Proceedings of the London Mathematical Society},
  year = 	 1936,
  volume =	 2,
  number =	 42,
  pages =	 {230--265}
}

@incollection{Turner:tiitfo,
	author =	"Turner, R.",
	year =		1989,
	title =		"Two Issues in the Foundation of Semantic Theory",
	booktitle =	"Properties, Types and Meaning",
	volume =	1,
	editor =	"Chierchia, Gennaro and Partee, Barbara and 
			Turner, Raymond",
	publisher =	"Kluwer",
	address =	"Dordrecht"
}

@book{Turner:tamfkr,
	author =	"Turner, R.",
	year =		1990,
	title =		"Truth and Modality for Knowledge Representation",
	publisher =	"Pitman"
}


@incollection{Turner:ppast, 
        author = {R. Turner}, 
        title = {Properties, propositions and semantic theory}, 
        booktitle = {Computational Linguistics and Formal Semantics}, 
        editor = {M. Rosner and R. Johnson}, 
        publisher = {CUP, Cambridge}, 
        year = {1992}
}
        
@article{Turner:atop, 
        author = {R. Turner}, 
        title = {A Theory of Properties}, 
        journal = {The Journal of Symbolic Logic}, 
        volume = {54}, 
        year = {1988}
}

@unpublished{Turner:tt,
	author =	"Turner, R.",
	year =		"1994",
	title =		"Type Theory",
	note =		"University of Essex. 
			Draft chapter for the Handbook of Logic
			and Language"}


@INPROCEEDINGS{Tzakova:tcfhl,
 AUTHOR = {Tzakova, M.},
  EDITOR = {Murray, N. V.},
  TITLE = {Tableau Calculi for Hybrid Logics},
  BOOKTITLE = {Proceedings of the International Conference TABLEAUX'99 - 
        Analytic Tableaux and Related Methods, June 7-11, 1999,
        Saratoga Springs, NY USA},
  PUBLISHER = {Springer},
  YEAR = {1999},
  SERIES = {LNAI},
  VOLUME = {1617}
}

%U 

@incollection{Urquhart:ml,
	author = {A. Urquhart},
	title = {Many-valued logic},
	booktitle = {Handbook of Philosophical Logic III},
	year = {1986},
	publisher = {Kluwer, Dordrecht},
	editor = {D. Gabbay and F. Guenthner},
	pages = {71--116}
}

%V 

@inproceedings{Vardi:maomk,
	author = {M.Y. Vardi},
	title = {Model-theoretic analysis of monotonic knowledge},
	booktitle = {Proceedings of 9th \sc ijcai},
	year = {1985},
	publisher = {Morgan Kaufman},
	pages = {509--512},
	address = {Los Altos, CA}
}


@Book{Velleman:htpi,
  author = 	 {D.J. Velleman},
  title = 	 {How to Prove It. A Structured Approach},
  publisher = 	 {Cambridge University Press},
  year = 	 {1994},
  address = 	 {Cambridge}
}

@InCollection{Veltman:ppatto,
  author = 	 "Veltman, F.",
  title = 	 "Prejudices, presuppositions and the theory of
                    counterfactuals",
  booktitle =	 "Amsterdam Papers in Formal Grammar",
  publisher =	 "Centrale Interfaculteit Universiteit van Amsterdam",
  year =	 1976,
  editor =	 "Groenendijk, J. and Stokhof, M.",
  volume =	 1
}

@phdthesis{Veltman:lc,
      author = {F. Veltman},
      title = {Logics for Conditionals},
      school = {University of Amsterdam},
      address = {Amsterdam},
      year = {1985}
}


@InCollection{Veltman:dsatpoic, 
  author = 	"Veltman, F.",
  title = 	"Data Semantics and the Pragmatics of Indicative Conditionals",
  booktitle = 	"On Conditionals ",
  publisher = 	"Cambridge University Press",
  year = 	"1986",
  editor = 	"Traugott and ter Meulen and Reiley and Ferguson",
  pages = 	"147--168"
}

@techreport{Veltman:diusREP,
	title = {Defaults in Update Semantics},
	author = {F. Veltman},
	institution = {Department of Philosophy, University of Amsterdam},
	year = {1991},
	note = {To appear in the {\em Journal of Philosophical Logic}}
}

@Article{Veltman:dius,
  author = 	 {F. Veltman},
  title = 	 {Defaults in Update Semantics},
  journal = 	 {Journal of Philosophical Logic},
  year = 	 {1996},
  OPTkey = 	 {},
  OPTvolume = 	 {},
  OPTnumber = 	 {},
  pages = 	 { 221--261},
  OPTmonth = 	 {},
  OPTnote = 	 {},
  OPTannote = 	 {}
}

@book{Vendler:lap,
	title = {Linguistics and Philosophy},
	publisher = {Cornell University Press},
	year = {1967},
	author = {Vendler, Z.},
	address = {Ithaca, N.Y.}
}

@phdthesis{Venema:mml,
	author = {Y. Venema},
	title = {Many-dimensional modal logic},
	school = {University of Amsterdam},
	year = {1992}
}

@InCollection{Venema:amloqa,
  author = 	 {Y. Venema},
  title = 	 {A Modal Logic of Quantification and Substitution},
  booktitle = 	 {Logic Colloquium '92},
  OPTcrossref =  {},
  OPTkey = 	 {},
  pages = 	 {293--309},
  publisher =    {CSLI and FOLLI},
  year = 	 {1995},
  editor = 	 {L. Czirmaz and D.M. Gabbay and M.~de Rijke},
  OPTvolume = 	 {},
  OPTnumber = 	 {},
  series = 	 {Studies in Logic, Language and Computation},
  OPTtype = 	 {},
  OPTchapter = 	 {},
  OPTaddress = 	 {},
  OPTedition = 	 {},
  OPTmonth = 	 {},
  OPTnote = 	 {},
  OPTannote = 	 {}
}

@Unpublished{Verkuyl:ls,
  author = 	 "H. Verkuyl",
  title = 	 "Lexical Semantics",
  note = 	 "{LOT} Course Notes",
  OPTcrossref =  "",
  OPTkey = 	 "",
  year = 	 "1996",
  OPTmonth = 	 "",
  OPTannote = 	 ""
}

@book{Verkuyl:atoa,
	title = {A Theory of Aspectuality},
	publisher = {Cambridge University Press},
	year = {1993},
	author = {Verkuyl, H.},
	address = {Cambridge}
}

@phdthesis{Verkuyl:otcnot,
	author = {Verkuyl, H.},
	title = {On the Compositional Nature of the Aspects},
	school = {University of Utrecht},
	year = {1972},
	address = {Utrecht}
}

@Unpublished{Vermeulen:nors,
  author = 	 {C.F.M. Vermeulen},
  title = 	 {Rational Reconstruction of Referent Systems 
                  as Employed by {G}roenendijk, {S}tokhof, {V}eltman},
  note = 	 {Unpublished note},
  OPTkey = 	 {},
  month = 	 {March},
  year = 	 {1998},
  OPTannote = 	 {}
}

@Article{Vermeulen:acosfd,
  author = 	 {C. Vermeulen},
  title = 	 {A calculus of substitutions for {DPL}},
  journal = 	 {Studia Logica},
  year = 	 {2001},
  OPTkey = 	 {},
  volume = 	 {68},
  OPTnumber = 	 {},
  pages = 	 {357--387},
  OPTmonth = 	 {},
  OPTnote = 	 {},
  OPTannote = 	 {}
}

@article{Vermeulen:mwm,
	title = {Merging Without Mystery},
	author = {C.F.M. Vermeulen},
        journal = {Journal of Philosophical Logic}, 
        year = {1995}, 
        volume = {24}, 
        pages = {405--450}
}

@article{Vermeulen:ssfdpl,
	author = {C.F.M. Vermeulen},
	title = {Sequence Semantics for Dynamic Predicate Logic},
	journal = {Journal of Logic, Language, and Information},
	year = {1993},
	volume = {2},
	pages = {217--254}
}

@phdthesis{Vermeulen:eotde,
	author = {C.F.M. Vermeulen},
	title = {Explorations of the Dynamic Environment},
	school = {OTS, Utrecht}, 
        OPTnote = {Promotor: Jan van Eijck, co-promotor: Albert Visser},
	year = {1994}
}

@techreport{Vermeulen:isfpt,
	title = {Incremental Semantics for Propositional Texts}, 
	author = {C.F.M. Vermeulen},
	institution = {OTS (Research Institute for Language and Speech),
			Utrecht University},
	year = {1993},
	number = {OTS-WP-CL-93-001},
	type = {OTS-working paper},
	note  = {To appear in Notre Dame Journal of Formal Logic},
}

@inproceedings{Vermeulen:usfpt,
	author             = {Vermeulen, C.F.M.},
	address            = {Dordrecht},
	booktitle          = {Applied Logic: How, What and Why?},
	editor             = {Masuch, M. and P\'ol\'os, L.},
	note               = {Proceedings of the Applied Logic
		  Conference, Logic@Work, 1992},
	publisher          = {Kluwer},
	year               = {1994},
	title              = {Update Semantics for Propositional Texts}
}

@article{VerVis:dbadr, 
      AUTHOR             = {A. Visser and C. Vermeulen},
      TITLE              = {Dynamic Bracketing and Discourse Representation},
      journal	         = {Notre Dame Journal of Formal Logic},
      volume	         = {37},
      pages	         = {321--365},
      YEAR             = {1996}
}


@InCollection{VijWei91:ppoeocfg,
  author = 	 {K. Vijay-Shanker and D.J. Weir},
  title = 	 {Polynomial Parsing of Extensions of Context-Free Grammars},
  booktitle = 	 {Current Issues in Parsing Technology},
  publisher =	 {Kluwer Academic Publishers},
  year =	 1991,
  editor =	 {M. Tomita}
}


@Article{VijWei93:pscgf,
  author = 	 {K. Vijay-Shanker and D.J.Weir},
  title = 	 {Parsing Some Constrained Grammar Formalisms},
  journal = 	 {Computational Linguistics},
  year = 	 {1993},
  OPTkey = 	 {},
  OPTvolume = 	 {19},
  OPTnumber = 	 {4},
  OPTpages = 	 {},
  OPTmonth = 	 {},
  OPTnote = 	 {},
  OPTannote = 	 {}
}

@Unpublished{Visser:fsdl,
  author = 	 {A. Visser},
  title = 	 {Freut sich die {L}ies --- Context Modification in Action},
  note = 	 {Lecture Notes, 
                  Department of Philosophy, Utrecht University},
  OPTkey = 	 {},
  month = 	 {November},
  year = 	 {2000},
  OPTannote = 	 {}
}

@Unpublished{Visser:hkdhnh,
  author = 	 {A. Visser},
  title = 	 {Heut kommt der {H}ans nach {H}aus --- A study of contexts, 
                  brackets, arguments \&\ files},
  note = 	 {Manuscript, Department of Philosophy, Utrecht University},
  OPTkey = 	 {},
  month = 	 {February},
  year = 	 {2000},
  OPTannote = 	 {}
}

@TechReport{Visser:pttdod,
  author = 	 {A. Visser},
  title = 	 {Prolegomena to the definition of dynamic predicate
                  logic with local assignments},
  institution =  {Utrecht Research Institute for Philosophy},
  year = 	 {1997},
  OPTkey = 	 {},
  OPTtype = 	 {},
  number = 	 {178},
  OPTaddress = 	 {},
  month = 	 {October},
  OPTnote = 	 {},
  OPTannote = 	 {}
}

@incollection{Visser:satlp,
	title = {Semantics and the Liar Paradox}, 
	author = {A. Visser},
	booktitle = {Handbook of Philosophical Logic, Volume {IV}}, 
        editor = {D. Gabbay and F. Guenthner}, 
        publisher = {Kluwer}, 
	year = {1989},
        pages = {617--706}
}

@incollection{Visser:aup,
	title = {Actions under Presuppositions},
	author = {A. Visser},
	booktitle = {Logic and Information Flow}, 
        editor = {Eijck, J. van and A. Visser}, 
        publisher = {MIT Press}, 
	year = {1994},
        pages = {196--233}
}

@unpublished{Visser:tdoddd,
	title = {The Design of Dynamic Discourse Denotations},
	author = {A. Visser},
	note = {Lecture notes, Utrecht University},
	year = {1994}
}

@Article{Visser:cidpl,
  author = 	 "A. Visser",
  title = 	 "Contexts in Dynamic Predicate Logic",
  journal = 	 {Journal of Logic, Language and Information},
  year = 	 {1998},
  volume = 	 {7},
  number = 	 {1},
  pages = 	 {21--52},
  OPTmonth = 	 {},
  OPTnote = 	 {},
  OPTannote = 	 {}
}

@TechReport{Visser:rvadpl,
  author = 	 "A. Visser",
  title = 	 "Relational Validity and Dynamic Predicate Logic",
  institution =  "Utrecht Research Institute for Philosophy",
  year = 	 "1995",
  OPTcrossref =  "",
  OPTkey = 	 "",
  OPTtype = 	 "",
  number = 	 "144",
  OPTaddress = 	 "",
  OPTmonth = 	 "October",
  OPTnote = 	 "",
  OPTannote = 	 ""
}

@Article{Visser:drlitl,
  author = 	 "A. Visser",
  title = 	 "Dynamic Relation Logic is the Logic of {DPL}-Relations",
  OPTcrossref =  "",
  OPTkey = 	 "",
  journal = 	 "Journal of Logic, Language and Information",
  year = 	 "1997",
  volume = 	 "6",
  OPTnumber = 	 "",
  pages = 	 "441--452",
  OPTmonth = 	 "",
  OPTnote = 	 "",
  OPTannote = 	 ""
}

@unpublished{Visser:mlab,
	title = {Modal Logic and Bisimulation; Tutorial for the 
        workshop ``{T}hree days of bisimulation''}, 
	author = {A. Visser},
	note = {Manuscript, University of Utrecht}, 
	year = {April, 1994}
}

@Unpublished{Visser:anosids,
  author = 	 {A. Visser},
  title = 	 {A Note on Substitution in Dynamic Semantics},
  note = 	 {Unpublished draft, Utrecht University},
  OPTkey = 	 {},
  OPTmonth = 	 {},
  year = 	 {2000},
  OPTannote = 	 {}
}


@Book{VriBee:dw,
  author =	 {Vrie, E.M. van de and R.J. Beerends and others},
  title = 	 {Discrete Wiskunde},
  publisher = 	 {Academic Service},
  year = 	 1999
}

%W

@InProceedings{WadAsh:baiod,
  author = 	 {H. Wada and N. Asher},
  title = 	 {{BUILDRS}: An Implementation of {DR} Theory and {LFG}},
  booktitle = 	 {11th International Conference on Computational Linguistics. 
                  Proceedings of Coling '86},
  OPTcrossref =  {},
  OPTkey = 	 {},
  OPTpages = 	 {540--545},
  year = 	 {1986},
  OPTeditor = 	 {},
  OPTvolume = 	 {},
  OPTnumber = 	 {},
  OPTseries = 	 {},
  address = 	 {University of Bonn},
  OPTmonth = 	 {},
  OPTorganization = {},
  OPTpublisher = {},
  OPTnote = 	 {},
  OPTannote = 	 {}
}

@InProceedings{Wadler:htrfb,
  author = 	 {P. Wadler},
  title = 	 {How to Replace Failure by a List of Successes},
  booktitle = 	 {FPCA},
  OPTcrossref =  {},
  OPTkey = 	 {},
  pages = 	 {113--128},
  year = 	 {1985},
  editor = 	 {Jean-Pierre Jouannaud},
  volume = 	 {201}},
  OPTnumber = 	 {},
  series = 	 {Lecture Notes in Computer Science},
  OPTaddress = 	 {},
  OPTmonth = 	 {},
  OPTorganization = {},
  publisher = {Springer},
  OPTnote = 	 {},
  OPTannote = 	 {}
}

@book{Wansing:tlois, 
  author = {H. Wansing}, 
  title = {The Logic of Information Structures}, 
  publisher = {Springer Verlag}, 
  series = {LNAI number 619}, 
  year = {1993}
}

@Book{WalJosPri:ctid,
  ALTauthor = 	 {},
  editor = 	 {M. Walker and A. Joshi and E. Prince},
  title = 	 {Centering Theory in Discourse},
  publisher = 	 {Clarendon Press},
  year = 	 {1998},
  OPTkey = 	 {},
  OPTvolume = 	 {},
  OPTnumber = 	 {},
  OPTseries = 	 {},
  OPTaddress = 	 {},
  OPTedition = 	 {},
  OPTmonth = 	 {},
  OPTnote = 	 {},
  OPTannote = 	 {}
}

@inproceedings{WalRoeFox:anlsbo,
	author =	"{De Roeck}, A.N. and C.J. Fox and 
			B.G.T. Lowden and R. Turner and B. Walls",
	year =		1991,
	title =		"A Natural Language System Based
			 on Formal Semantics",
	booktitle =	"Proceedings of the International Conference on
			Current Issues in Computational Linguistics",
	address =	"Penang, Malaysia",
	month =		"June"}


@inproceedings{WalRoeFox:afatte,
	author =	"{De Roeck}, A.N. and C.J. Fox and 
			B.G.T. Lowden and R. Turner and B. Walls",
	year =		1991,
	title =		"A Formal Approach to Translating 
			{English} into {SQL}",
	editors =	"M.S. Jackson and A.E. Robinson",
	booktitle =	"Aspects of Databases
			(Proceedings of the 
			Ninth British Conference on Databases)",
	address =	"Wolverhampton",
	month =		"July",
	publisher =	"Butterworth-Heinmann"}




@InProceedings{Wartena01:gwcs,
  author = 	 {C. Wartena},
  title = 	 {Grammars with Composite Storages},
  booktitle = 	 {{LACL}'98},
  pages =	 {266--285},
  year =	 2001,
  editor =	 {M. Moortgat},
  number =	 2014,
  series =	 {LNAI},
  publisher =	 {Springer}
}

@book{Webber:afatda,
	title = {A Formal Approach to Discourse Anaphora},
	publisher = {Garland, New York},
	year = {1979},
	author = {B. Webber}
}

@incollection{Webber:swcwta,
        author = {B. Webber},
        title = {So What Can We Talk About Now?},
        booktitle = {Computational Models of Discourse},
        editor = {M. Brady and R. Berwick},
        publisher = {MIT Press},
        pages = {331--371},
        year = {1983}
}

@article{Webber:tada,
	author = {Webber, B.L.},
	title = {Tense as Discourse Anaphor},
	journal = {Computational Linguistics},
	year = {1988},
	volume = {14},
	number = {2},
	pages = {61-73}
}

@incollection{Westerstahl:qifanl,
	author = {D. Westerst\a{a}hl},
	title = {Quantifiers in Formal and Natural Languages},
	booktitle = {Handbook of Philosophical Logic, volume IV},
	year = {1989},
	publisher = {Reidel},
	editor = {D. Gabbay and F. Guenthner},
	pages = {1--131},
	place = {Dordrecht}
}

@incollection{Westerstahl:tigq,
	author = {Westerst\a{a}hl, D.},
	title = {Topics in Generalized Quantifiers},
	booktitle = {Handbook of Philosophical Logic, Volume IV},
	year = {1989},
	publisher = {Reidel},
	editor = {Gabbay, D. and Guenthner, F.},
	pages = {1-131}
}

@InCollection{Westerstahl:ptapis,                    
  author = 	"Westerst{\a{a}}hl, D.",
  title = 	"Parametric Types and Propositions in Situation Theory",
  booktitle = 	"Situation Theory and its Applications, volume {I} ",
  publisher = 	"CSLI and University of Chicago",
  year = 	"1990",
  editor = 	"Cooper, R. and Mukai, K. and Perry, J.",
  chapter = 	"2",
  pages = 	"193--230",
  address = 	"Stanford",
  month = 	"",
  note = 	"",
  topics =	"situation theory",
  where =	"HAVE"
}

@mastersthesis{Wijnen:alfpl, 
        author = {Y. Wijnen}, 
        title = {Assertion languages for presuppositional update logics}, 
        school = {OTS, Utrecht}, 
        year = {1994}
} 

@article{Williams:dalf,
	author = {Williams, E.},
	title = {Discourse and Logical Form},
	journal = {Linguistic Inquiry},
	year = {1977},
	volume = {8},
	pages = {101-139}
}

@Book{Wirth:apdsip,
  author = 	 {N. Wirth},
  ALTeditor = 	 {},
  title = 	 {Algorithms + {D}atastructures = {P}rograms},
  publisher = 	 {Prentice Hall},
  year = 	 {1976},
  OPTkey = 	 {},
  OPTvolume = 	 {},
  OPTnumber = 	 {},
  OPTseries = 	 {},
  OPTaddress = 	 {},
  OPTedition = 	 {},
  OPTmonth = 	 {},
  OPTnote = 	 {},
  OPTannote = 	 {}
}
@unpublished{WitHoeNiv:ront,
        author = {C. Witteveen and W. van der Hoek and H. de Nivelle}, 
        title = {Revision of Non-monotonic Theories}, 
        note = {To appear in: Proceedings Fourth International Workshop on Logics in AI}, 
        year = {1994}
}

@incollection{Woods:saqinl,
       author = {W. Woods},
       title = {Semantics and Quantification in Natural Language Question
                Answering},
       booktitle = {Advances in Computers. Volume 17},
       publisher = {Academic Press},
       year = {1977},
       pages = {1--87}
}



@Book{Wright:pr,
  author = 	 "Wright, G.H. von",
  title = 	 "Practical Reason",
  publisher = 	 "Blackwell",
  year = 	 "1983",
  OPTcrossref =  "",
  OPTkey = 	 "",
  OPTeditor = 	 "",
  OPTvolume = 	 "",
  OPTnumber = 	 "",
  OPTseries = 	 "",
  address = 	 "Oxford",
  OPTedition = 	 "",
  OPTmonth = 	 "",
  OPTnote = 	 "",
  OPTannote = 	 ""
}

%Z

@article{Zeevat:acatdr,
	author = {H. Zeevat},
	title = {A Compositional Approach to Discourse Representation Theory},
	journal = {Linguistics and Philosophy},
	year = {1989},
	volume = {12},
	pages = {95--131}
}

@phdthesis{Zeevat:aodsau,
	author = {H.W. Zeevat},
	title = {Aspects of Discourse Semantics and Unification Grammar},
	school = {University of Amsterdam},
	year = {1991}
}

@article{Zeevat:paaius,
	author = {H. Zeevat},
	title = {Presupposition and Accommodation in Update Semantics},
	journal = {Journal of Semantics},
	year = {1992},
	volume = {9},
	number = {4},
	pages = {379--412},
	note = {Special Issue: Presupposition, Part 2}
}


@Article{ZhaSti:ittpm,
  author = 	 {Zhang, Hantao and Mark E. Stickel},
  title = 	 {Implementing the {D}avis-{P}utnam method},
  journal = 	 {Journal of Automated Reasoning},
  year = 	 2000,
  volume =	 24,
  number =	 {1/2},
  pages =	 {277-296}
}

@Article{Zimmermann:otptoo,
  author = 	"Zimmermann, T. E.",
  title = 	"On the proper treatment of opacity in certain verbs",
  journal = 	"Natural Language Semantics",
  year = 	"1993",
  volume = 	"1",
  number = 	"2",
  pages = 	"149--179",
  month = 	"",
  note = 	""
}


@MastersThesis{Zuidema:tcmhdi,
  author = 	 {M. Zuidema},
  title = 	 {The Culprit Might Have Done It},
  school = 	 {CKI, Utrecht University},
  year = 	 {1999},
  OPTkey = 	 {},
  OPTtype = 	 {},
  OPTaddress = 	 {},
  OPTmonth = 	 {},
  OPTnote = 	 {},
  OPTannote = 	 {}
}

@phdthesis{Zwarts:cgaas, 
   author = {F.~Zwarts}, 
   title = {Categoriale grammatica en algebraische semantiek},
   school = {University of Groningen}, 
   year = {1986}
}


@InCollection{Zwarts:darp,
  author = 	 "F. Zwarts",
  title = 	 "Determiners: A Relational Perspective",
  booktitle = "Studies in Modeltheoretic Semantics",
  publisher = "Foris",
  year = 	 "1983",
  editor = 	 "Meulen, A. ter",
  pages = 	 "37--62",
  address = 	 "Dordrecht"
}

