@article{BraJonKli00:eat, 
 author = {Brand, {M.G.J. van den} and Jong, H.A. de and Klint, P. and
Olivier, P.A.},
 title = {{E}fficient {A}nnotated {T}erms},
 year = {2000},
 journal = {{S}oftware -- {P}ractice \& {E}xperience},
 volume = {30},
 pages = {259-291}
}

@article{ bryant92symbolic,
    author = "Randal E. Bryant",
    title = "Symbolic {Boolean} Manipulation with Ordered Binary-Decision Diagrams",
    journal = "ACM Computing Surveys",
    volume = "24",
    number = "3",
    pages = "293--318",
    year = "1992",
    url = "citeseer.ist.psu.edu/bryant92symbolic.html" }

@inproceedings{ immerman82relational,
    author = "Neil Immerman",
    title = "Relational Queries Computable in Polynomial Time (Extended Abstract)",
    booktitle = "{ACM} Symposium on Theory of Computing",
    pages = "147-152",
    year = "1982",
    url = "citeseer.ist.psu.edu/immerman86relational.html" }

@inproceedings{KinLau95:sdfsaih, 
 author = {David J. King and John Launchbury},
 title = {Structuring depth-first search algorithms in {H}askell},
 booktitle = {POPL '95: Proceedings of the 22nd ACM SIGPLAN-SIGACT symposium 
              on Principles of programming languages},
 year = {1995},
 isbn = {0-89791-692-1},
 pages = {344--354},
 location = {San Francisco, California, United States},
 doi = {http://doi.acm.org/10.1145/199448.199530},
 publisher = {ACM Press},
 }

@inproceedings{ KorLae02:affdt,
      author = "Jan Kort and Ralf L{\"a}mmel",
      title = "{A Framework for Datatype Transformation}",
      booktitle = "Proc.\ of Language, Descriptions, Tools, and Applications (LDTA 2003)",
      editor = "B.R.~Bryant and J.~Saraiva",
      year = 2003,
      month = apr,
      publisher = "Elsevier",
      note = "20 pages"
     }

@incollection{Laemmel02:tsoaps,
  author    = "Ralf L{\"a}mmel",
  title     = "{The Sketch of a Polymorphic Symphony}",
  booktitle = {Proc.\ of International Workshop on Reduction Strategies
               in Rewriting and Programming (WRS 2002)},  
  editor    = {Bernhard Gramlich and Salvador Lucas},
  publisher = "Elsevier Science",
  series    = "ENTCS",
  year      = 2002,
  volume    = {70},
  issue     = {6},
  note      = "21 pages"
}

@inproceedings{ LaeVis02:dpffsp, 
 title = "{Design Patterns for Functional Strategic Programming}",
 author = "Ralf L{\"a}mmel and Joost Visser",
 booktitle = "{Proc.\ of Third ACM SIGPLAN Workshop on Rule-Based Programming RULE'02}",
 publisher = "ACM Press",
 address = "Pittsburgh, USA",
 year = 2002,
 month = oct # 5,
 note = {14 pages}
}

@inproceedings{ LaeVis02:tcfgt, 
 author      = "R.~L{\"a}mmel and J.~Visser",
 title       = "{Typed Combinators for Generic Traversal}",
 booktitle   = "{Proc.\ Practical Aspects of Declarative Programming PADL 2002}",
 publisher   = "Springer-Verlag",
 series      = "LNCS",
 volume      = "2257",
 year        = 2002,
 month       = jan,
 pages       = "137--154"
}

@inproceedings{ LaeVis03:asal, 
 author      = "R.~L{\"a}mmel and J.~Visser",
 title       = "{A Strafunski Application Letter}",
 booktitle   = "{Proc.\ of Practical Aspects of Declarative Programming
                 (PADL'03)}",
 editor      = "V.~Dahl and P.~Wadler",
 publisher   = "Springer-Verlag",
 series      = "LNCS",
 volume      = "2562",
 year        = 2003,
 month       = jan,
 pages       = "357--375",
}

@misc{ libkin93query,
  author = "L. Libkin and L. Wong",
  title = "Query Languages for Bags",
  text = "L. Libkin, L. Wong, Query Languages for Bags, TR, University of Pennsylvania,
    1993",
  year = "1993",
  url = "citeseer.ist.psu.edu/libkin93query.html" }


